3092 5117
1213 463 1300 471 ..-
1394 429 1657 487 33...

1238 672 1484 775 caput
1535 677 1627 753 Π.

864 866 1012 963 De
1075 864 2004 987 praepositionibus·

434 1079 839 1164 Priusquam
883 1087 1174 1146 tractem
1220 1102 1324 1163 ea,
1373 1101 1546 1164 quae
1593 1080 1667 1145 in
1711 1079 2294 1168 praepositionum
2339 1080 2597 1167 signifi-

243 1186 523 1250 catione
571 1186 968 1274 exponenda
997 1194 1374 1273 memoratu
1422 1186 1635 1272 digna
1673 1186 1843 1251 mihi
1872 1186 2219 1271 videntur,
2266 1187 2598 1272 quaedam

246 1290 340 1356 de
389 1313 618 1357 earum
664 1291 1105 1358 collocatione
1150 1292 1605 1380 praemittam.
2278 1361 2289 1369 ‚

430 1388 663 1485 Atque
716 1400 1010 1486 primum
1066 1399 1197 1464 etsi
1249 1422 1389 1465 non
1441 1421 1668 1465 meum
1735 1406 1837 1465 est
1891 1397 1975 1464 de
2038 1399 2339 1469 metricis
2394 1399 2596 1468 rebus

247 1505 469 1591 loqui,
533 1514 792 1591 tamen,
867 1508 1028 1592 quia
1087 1528 1309 1591 neque
1368 1505 1658 1571 Mueller
1717 1529 1941 1591 neque
2004 1506 2124 1571 alii
2182 1507 2598 1572 mentionem

245 1610 567 1679 fecerunt
613 1613 816 1680 huius
863 1614 980 1699 rei,
1024 1613 1196 1679 mihi
1241 1612 1691 1682 adscribenda
1728 1619 1894 1680 sunt
1934 1613 2071 1681 tria
2109 1613 2430 1702 exempla,
2478 1612 2599 1678 ubi

248 1720 666 1808 praepositio
750 1742 1023 1786 caesura
1097 1720 1211 1786 vel
1286 1719 1575 1802 diaeresi
1656 1742 1694 1783 a
1770 1741 1889 1784 suo
1966 1718 2176 1785 verbo
2253 1719 2595 1785 disiuncta

250 1833 554 1914 apparet.
644 1827 842 1913 Prop.
889 1826 992 1893 IV
1040 1833 1096 1910 8,
1142 1834 1224 1891 35

481 1933 701 1999 ‘Unus
749 1940 896 1999 erat
939 1932 1162 1998 tribus
1207 1933 1282 1997 in
1328 1940 1588 1997 secreta
1632 1932 1924 1998 lectulus
1970 1932 2215 1997 herba’.
2308 1933 2379 1999 H
2421 1940 2523 2016 30,
2558 1939 2594 1997 8

478 2039 598 2105 ‘Et
643 2040 876 2125 gravis
921 2040 1067 2127 ipse
1111 2062 1315 2127 super
1360 2038 1575 2103 libera
1623 2039 1795 2103 oolla
1840 2037 2074 2103 sedet'.
2168 2038 2269 2103 IV
2319 2045 2374 2121 6,
2425 2045 2507 2103 62

479 2147 910 2212 ‘Plauserunt
957 2146 1136 2211 eirca
1178 2145 1396 2211 libera
1441 2145 1638 2231 signa
1685 2144 1897 2210 deae'.

249 2250 394 2317 Ofr.
451 2252 646 2319 Ovid.
691 2252 843 2319 Art.
892 2276 1016 2319 am.
1064 2253 1173 2319 111
1233 2260 1357 2317 274
1426 2252 1631 2316 ‘eirea
1693 2250 1947 2317 fascia’.
2041 2251 2150 2317 111
2195 2258 2323 2317 418
2392 2253 2599 2316 ‘ultra

244 2356 531 2423 limina'.
626 2359 768 2425 Cat.
820 2366 920 2443 87,
969 2368 1006 2425 4
1057 2364 1169 2423 ‘ex
1212 2359 1432 2446 parte’
1488 2364 1630 2441 111,
1681 2366 1717 2422 2
1768 2361 1833 2422 ‘e
1879 2356 2241 2423 laudibus’.

433 2466 716 2553 Saepius
762 2468 1040 2552 quidem
1069 2474 1310 2554 poetae
1341 2472 1827 2552 separaverunt
1867 2465 1941 2529 in
1971 2487 2208 2529 versus
2239 2464 2377 2535 fine
2406 2487 2597 2551 prae-

243 2571 660 2657 positionem
707 2573 956 2639 ‘inter’.
1048 2574 1246 2659 Prop.
1293 2572 1394 2637 IV
1445 2580 1498 2655 2,
1552 2579 1589 2635 3
1638 2570 1845 2636 ‘inter
1889 2569 2198 2637 Proelia⁷.

432 2680 642 2746 Porro
690 2680 1014 2764 versibuS,
1062 2678 1183 2744 ubi
1225 2678 1642 2766 praepositio
1690 2699 1729 2741 a
1759 2676 2189 2742 substantivo
2221 2676 2599 2746 secernitur

244 2770 576 2871 genetivo
623 2788 736 2854 vel
780 2787 1138 2870 adiectiVO,
1183 2785 1675 2873 praetermissis
1722 2783 1843 2849 hos
1890 2782 2170 2848 afferam
2213 2784 2425 2849 locos:

477 2898 676 2983 Prop.
724 2896 832 2961 ΠΙ
878 2902 934 2977 4,
972 2900 1051 2959 18
1103 2893 1222 2958 ‘Et
1267 2892 1506 2957 subter
1554 2898 1788 2977 captos
1835 2913 2019 2955 arma
2066 2890 2300 2956 sedere
2346 2890 2595 2955 duoes’.

247 3006 458 3092 (Nam
499 3003 681 3069 'vide
743 3002 863 3069 Ov.
910 3001 1021 3065 Ex
1065 3002 1138 3065 P.
1202 3000 1311 3063 ΙΠ
1359 3007 1424 3083 4,
1479 3006 1603 3064 104
1684 2997 2047 3081 ‘Stentque
2112 3019 2315 3085 super
2377 2997 2597 3062 victos

246 3121 503 3183 trunca
546 3119 824 3199 tropaea
868 3108 1121 3190 viros’.)
1229 3108 1427 3192 Prop.
1474 3105 1584 3168 ΙΠ
1636 3112 1688 3189 7,
1741 3111 1818 3167 57
1878 3154 1885 3165 .

479 3219 596 3283 ‘Di
640 3217 842 3281 maris
887 3215 1150 3301 Aegaei
1196 3236 1363 3299 quos
1410 3220 1571 3277 sunt
1617 3234 1825 3298 penes
1871 3210 2207 3295 aequora’.
2290 3210 2363 3277 II
2412 3218 2468 3293 6,
2515 3217 2595 3275 38

479 3326 694 3403 ‘Quae
738 3343 1087 3406 nunquam
1133 3341 1336 3407 supra
1379 3341 1500 3406 pes
1545 3316 1862 3383 inimicus
1910 3317 2064 3381 eat'.
2167 3316 2268 3381 IV
2316 3323 2372 3399 8,
2424 3322 2502 3381 31

480 3430 734 3496 ‘Altera
778 3428 1100 3515 Tarpeios
1149 3434 1250 3491 est
1295 3427 1478 3491 inter
1523 3425 1687 3490 Teia
1732 3423 2030 3506 lucos’.1)

432 3536 855 3626 Praepositio
902 3558 941 3599 a
987 3557 1108 3600 suo
1156 3532 1365 3599 verbo
1398 3533 1498 3597 ita
1543 3537 1854 3620 separata
1902 3537 2020 3613 est,
2067 3537 2147 3594 ut
2179 3529 2600 3594 adieetivum

253 3668 530 3712 caesura
559 3644 672 3712 vel
703 3642 990 3708 diaeresi
1021 3664 1061 3706 a
1089 3640 1426 3728 particula
1457 3638 1841 3704 seiunctum
1869 3636 2260 3725 praecedat:
2292 3636 2365 3701 ΙΙ
2388 3643 2489 3719 34,
2514 3642 2595 3701 57

479 3752 603 3819 ‘Ut
647 3772 881 3837 regem
925 3750 1171 3813 mixtas
1216 3747 1402 3813 inter
1449 3744 1743 3810 conviva
1789 3743 2093 3831 puellas'.
2158 3743 2267 3806 ΙΠ
2308 3750 2363 3825 2,
2408 3748 2510 3809 10.

479 3859 647 3923 ‘Nee
694 3879 956 3922 camera
1012 3861 1280 3919 auratas
1327 3853 1508 3919 inter
1554 3851 1813 3916 eburna
1858 3848 2131 3915 trabes'.
2240 3848 2314 3913 Π
2364 3853 2462 3931 10,
2514 3856 2595 3913 22

479 3965 798 4030 ‘Ponitur
841 3963 955 4027 hio
999 3962 1169 4027 imos
1214 3967 1378 4026 ante
1424 3980 1672 4024 corona
1717 3956 1968 4045 pedes’.
2060 3955 2170 4019 ΙΙΙ
2220 3965 2276 4034 7,
2327 3962 2427 4024 10.

435 4072 850 4157 Neutiquam
895 4076 1123 4134 autem
1169 4066 1481 4149 arbitror,
1528 4064 1969 4151 Propertium
2011 4069 2153 4127 tam
2198 4061 2437 4149 procul
2482 4060 2599 4129 ab·

257 4203 400 4246 esse
444 4176 1013 4267 praepositionem
1057 4173 1352 4241 voluisse
1397 4195 1493 4238 vs.
1539 4171 1579 4235 I
1625 4176 1726 4255 21,
1780 4178 1893 4235 10:

434 4356 477 4425 ¹)
513 4334 765 4409 Aliorum
801 4355 1090 4423 poetarum
1127 4350 1379 4419 exempla
1413 4347 1665 4403 invenies
1716 4364 1806 4417 ap.
1844 4344 2040 4400 Neuen
2054 4387 2067 4412 ‚
2114 4344 2506 4399 Formenlehre
2544 4342 2596 4396 d.

253 4446 352 4501 lat.
391 4444 511 4515 Spr.
548 4443 601 4496 ΙΙ
635 4460 688 4513 p.
729 4443 850 4497 794.
2138 4516 2173 4571 3
