3092 5117
1489 367 1927 424 ...46-

543 535 738 602 videt
746 566 760 599 .·
780 537 962 602 inter
1009 560 1264 603 cornua
1309 535 1526 603 fronti
1572 588 1585 601 .
1622 589 1634 600 .
1681 536 1916 623 fruges
1927 537 1959 600 ².
2025 536 2265 621 Itaque
2310 536 2689 601 sententiae
2728 536 2912 599 Pro-

544 644 898 730 pertianae
944 642 1392 709 conformatio
1441 667 1581 709 esse
1627 644 1906 709 videtur
1952 643 2389 731 ‘Adpositum
2451 641 2649 707 flavis
2692 640 2913 708 vadis

545 750 671 833 (ita
713 758 794 815 ut
850 750 1149 837 corporis
1212 773 1368 838 pars
1423 751 1730 837 proiecta
1784 751 1899 834 sit)
1966 751 2042 815 in
2089 750 2483 815 Simoenta'.
2573 749 2679 814 De
2737 748 2914 813 talis

544 855 730 921 modi
775 858 1137 922 structuris
1182 857 1293 923 vd.
1341 879 1403 955 p.
1440 864 1540 922 39.
2538 914 2543 919 .

722 964 1238 1049 Praegnantem,
1287 986 1458 1048 quae
1506 964 1778 1047 dicitur,
1825 964 2238 1029 sententiam
2282 962 2532 1027 habere
2579 961 2910 1027 existimo

544 1068 830 1135 verbum
859 1093 955 1135 vs.
989 1070 1048 1135 Π
1083 1076 1246 1154 6,18
1281 1071 1660 1157 ‘Frangere
1691 1071 1765 1135 in
1796 1071 2155 1136 adversum
2187 1070 2431 1157 pocula
2461 1068 2908 1133 Pirithoum'.

529 1176 586 1240 .i.
620 1199 672 1241 e.
720 1175 939 1241 fracta
982 1177 1219 1243 iacere.
1351 1255 1354 1259 ι

727 1292 783 1347 2.
839 1284 1259 1370 Praepositio
1289 1283 1406 1348 ‘in’
1445 1283 1745 1349 ablativo
1776 1283 2090 1348 iniuncta
2116 1306 2156 1347 a
2183 1282 2403 1370 poetis
2440 1280 2911 1347 adhibebatur

727 1392 792 1472 a)
849 1390 934 1454 ad
983 1388 1505 1454 describendum
1534 1389 1880 1455 hominem
1924 1388 2353 1455 vestimentis
2382 1389 2496 1453 vel
2540 1388 2745 1453 armis
2798 1387 2910 1451 in-

549 1496 814 1561 dutum.
904 1498 1013 1560 Pr.
1061 1497 1125 1561 11
1174 1504 1274 1580 31,
1326 1504 1405 1561 16
1455 1496 1556 1561 ‘in
1600 1497 1807 1582 longa
1852 1497 2155 1561 carmina
2199 1503 2389 1562 veste
2434 1496 2677 1560 sonat'.
2776 1494 2907 1561 Ov.

548 1602 698 1667 Art.
746 1625 871 1666 am.
919 1602 982 1667 II
1030 1610 1177 1668 297.
1269 1603 1472 1689 Verg.
1518 1603 1689 1667 Aen.
1738 1602 1834 1668 IV
1884 1609 2029 1667 518.
2121 1602 2259 1668 XII
2311 1609 2452 1670 169.

725 1710 834 1773 Pr.
881 1709 978 1774 IV
1013 1717 1067 1792 1,
1102 1717 1183 1774 27
1235 1710 1450 1775 ‘miles
1495 1708 1811 1774 radiabat
1854 1709 1931 1773 in
1977 1709 2223 1773 armis’.
2304 1718 2359 1792 2,
2412 1714 2490 1773 27
2542 1707 2906 1772 ‘laudabar

549 1816 623 1879 in
668 1816 805 1880 illis
852 1816 1151 1899 (armis)’.
1244 1816 1448 1901 Verg.
1495 1816 1591 1881 VI
1641 1822 1787 1881 826.
1881 1816 2001 1881 Ov.
2050 1816 2157 1879 Tr.
2204 1816 2302 1881 IV
2351 1824 2406 1899 6,
2458 1822 2557 1879 33.
2648 1816 2757 1880 Pr.
2804 1814 2905 1879 IV

553 1931 609 2005 2,
644 1928 726 1987 38
777 1922 916 1987 ‘ibo
946 1922 1246 1987 Mundus
1279 1922 1584 1987 demissis
1616 1922 1894 1987 institor
1924 1922 1999 1987 in
2028 1922 2326 1987 tunicis’.
2390 1922 2595 2007 Verg.
2627 1922 2734 1986 IX
2768 1927 2901 1985 269

551 2028 724 2093 ‘ibat
767 2030 840 2093 in
887 2030 1088 2093 armis
1135 2028 1444 2094 Aureus'.
1524 2029 1669 2094 Cat.
1722 2035 1822 2112 68,
1875 2036 1998 2094 134
2049 2028 2419 2115 ‘Fulgebat
2458 2078 2518 2091 ..
2568 2027 2904 2092 candidus

549 2136 624 2200 in
669 2136 947 2201 tunica’.
1039 2137 1148 2201 Pr.
1195 2136 1282 2200 Ill
1331 2143 1432 2219 29,
1484 2144 1565 2200 26
1617 2136 1900 2200 ‘ostrina
1946 2157 2098 2199 cum
2143 2133 2279 2200 fuit
2323 2135 2397 2198 in
2442 2134 2723 2200 tunica’.

727 2241 914 2306 Idem
960 2244 1138 2307 sicut
1183 2242 1456 2329 scripsit
1498 2242 1593 2307 III
1631 2248 1729 2325 14,
1768 2249 1847 2306 10
1896 2241 2177 2305 ‘Missile
2210 2292 2223 2304 .
2258 2292 2271 2304 .
2318 2240 2490 2305 disci
2535 2239 2805 2327 pondus
2840 2291 2852 2302 .
2888 2291 2900 2302 .

551 2349 788 2432 rotat’,
852 2349 952 2413 ita
1013 2348 1101 2413 ad
1155 2350 1568 2435 gravitatem
1631 2350 1731 2413 rei
1785 2346 2297 2435 proponendam
2352 2369 2519 2412 voce
2577 2346 2898 2434 ‘pondus’

550 2478 710 2520 usus
759 2463 861 2520 est
905 2455 1002 2520 IV
1051 2466 1107 2539 2,
1159 2462 1238 2521 28

777 2561 1042 2627 ‘Corbis
1086 2563 1164 2627 in
1207 2563 1528 2650 imposito
1576 2562 1877 2649 pondere
1924 2584 2177 2627 messor
2224 2562 2451 2625 eram'.

555 2668 692 2734 Ofr.
741 2670 861 2735 Ov.
907 2670 1070 2734 Met.
1118 2670 1278 2734 VIII
1327 2676 1408 2734 26
1459 2670 1571 2734 ‘In
1618 2670 1812 2755 galea
1857 2667 2191 2733 formosus
2239 2668 2425 2733 erat’.

729 2776 803 2863 b)
858 2775 964 2841 De
1011 2777 1430 2860 quaestione,
1480 2798 1646 2840 num
1691 2775 2029 2862 particula
2076 2774 2201 2839 ‘in'
2249 2774 2384 2839 loci
2427 2774 2903 2862 propinquita-

554 2891 694 2947 tem
748 2883 962 2970 possit
1017 2883 1429 2968 significare,
1488 2882 1836 2947 contentio
1893 2888 2115 2946 exstat
2168 2882 2351 2946 inter
2405 2880 2899 2967 grammaticae,

557 3012 847 3074 quorum
892 2989 1200 3075 Draeger
1245 2990 1301 3074 (I
1351 2994 1504 3073 648)
1561 2990 1972 3054 sententiam
2015 2988 2278 3053 Handii
2326 2988 2446 3071 (III
2494 2990 2675 3071 250),
2730 3010 2898 3053 non-

550 3096 759 3161 nullis
805 3096 1148 3183 Propertii
1195 3101 1289 3180 (et
1326 3096 1577 3179 Taciti)
1624 3096 1789 3161 locis
1835 3096 2038 3160 istam
2083 3118 2227 3159 rem
2274 3094 2593 3181 conspici,
2640 3091 2898 3159 frustra

557 3204 1002 3289 oppugnavit.
1094 3203 1236 3268 Iam
1292 3203 1570 3268 Lachm.
1616 3208 1715 3290 ⁸(p.
1753 3206 1931 3285 148),
1995 3209 2076 3265 ut
2138 3201 2459 3288 probaret
2524 3200 2896 3266 ablativum

558 3310 774 3373 solum
828 3309 1132 3374 indicare
1187 3310 1797 3397 propinquitatem,
1862 3307 2266 3374 laudaverat
2318 3308 2492 3373 illud
2545 3308 2711 3373 Hor.
2760 3308 2894 3373 Sat.

557 3417 620 3481 ΙΙ
667 3424 724 3499 3,
775 3423 898 3481 292
951 3416 1196 3481 ‘nudus
1241 3418 1317 3481 in
1361 3416 1596 3481 Tiberi
1641 3415 1875 3480 stabit’
1923 3415 1965 3479 i.
1998 3438 2051 3479 e.
2098 3437 2208 3479 am
2254 3414 2345 3497 T„
2394 3415 2553 3499 quia
2594 3415 2897 3500 sequitur

559 3521 860 3588 ‘necabit
904 3524 977 3587 in
1024 3523 1252 3608 gelida
1295 3523 1509 3587 fixum
1557 3522 1749 3609 ripa'.
1812 3522 2052 3607 Itaque
2098 3521 2250 3586 fieri
2278 3528 2522 3608 potest,
2569 3529 2650 3586 ut
2680 3544 2896 3585 raram

558 3651 681 3716 pro
747 3630 1019 3715 vulgari
1081 3630 1654 3716 significationem
1718 3628 2209 3694 substituamus
2283 3628 2356 3692 in
2420 3629 2528 3692 Pr.
2593 3627 2896 3695 versibus

559 3736 588 3799 Ι
640 3742 696 3819 1,
749 3742 823 3800 11
878 3735 1177 3801 ‘errabat
1218 3736 1296 3800 in
1341 3737 1583 3801 antris'
1634 3743 1703 3801 et
1749 3736 1780 3800 I
1828 3742 1884 3819 2,
1936 3741 2013 3799 11
2068 3734 2353 3820 ‘Surgat
2398 3743 2467 3800 et
2512 3735 2587 3799 in
2633 3734 2794 3799 solis
2840 3785 2892 3797 ..

559 3842 842 3907 arbutus
888 3844 1148 3907 antris'.
1212 3844 1445 3929 Atque
1492 3845 1699 3909 etiam
1732 3841 2101 3930 probabilis
2135 3843 2266 3907 erit
2295 3843 2463 3907 haec
2494 3842 2895 3923 coniectura,

560 3951 618 4013 si
661 3949 835 4014 illud
881 3951 989 4014 Pr.
1024 3951 1118 4016 III
1170 3957 1268 4035 18,
1305 3957 1385 4017 10
1435 3952 1671 4016 ‘Errat
1716 3950 1891 4015 etin
1936 3957 2165 4016 vestro
2213 3949 2494 4037 spiritus
2541 3948 2657 4012 ille
2707 3948 2893 4011 lacu’.

563 4056 1066 4143 comparabitur
1113 4080 1267 4123 cum
1312 4081 1407 4123 ve.
1455 4058 1602 4123 Tib.
1649 4058 1680 4122 I
1731 4064 1830 4141 10,
1867 4064 1947 4122 38
1998 4057 2232 4122 ‘Errat
2278 4056 2365 4120 ad
2412 4054 2731 4145 obscuros
2761 4054 2895 4141 pal·

561 4162 704 4227 lida
747 4162 952 4227 turba
996 4164 1182 4228 lacus
1195 4164 1226 4228 '.

741 4268 841 4334 At
882 4269 1014 4334 loci
1043 4271 1516 4358 propinquitas
1548 4278 1958 4357 agnoscatur
1986 4292 2258 4335 necesse
2291 4277 2393 4333 est
2437 4292 2534 4333 vs.
2568 4269 2676 4332 Pr.
2709 4266 2740 4331 Ι
2774 4274 2829 4349 3,
2862 4274 2894 4331 6

565 4376 848 4441 ‘Edonis
903 4374 1081 4442 fessa
1137 4377 1394 4443 choreis
1443 4377 1677 4455 Qualis
1733 4379 1806 4441 in
1864 4376 2151 4442 herboso
2198 4375 2499 4441 concidit
2542 4374 2894 4461 Apidano’.
