3092 5117
1152 370 1597 427 —43-

347 536 460 620 ·d)
515 536 616 601 [V
669 541 766 620 11,
816 543 895 602 81
947 541 1225 621 ι110015οε,
1273 561 1439 623 quas
1487 538 1573 605 (10
1619 563 1725 605 1110
1772 591 1785 603 .
1835 592 1847 603 .
1894 539 2187 627 fatiges'.
2262 541 2337 605 Π
2378 549 2478 625 20,
2514 549 2551 607 3

190 645 210 679 ⁴
225 643 506 720 Quidve
552 666 700 708 mea
748 643 832 709 de
877 642 1119 710 fraude
1165 644 1324 711 deos
1371 697 1384 710 .
1419 698 1432 709 .
1479 645 1796 732 fatigas?

385 750 711 815 Formula
765 749 876 815 ‘de
932 750 1175 817 nihilo'
1233 752 1416 818 inter
1477 753 1633 819 aevi
1674 753 2016 839 Augustei
2068 761 2303 841 poetas
2355 756 2554 821 nemo

193 878 368 921 usus
415 863 519 921 est
573 856 706 921 nisi
752 858 978 945 Prop.:
1024 857 1097 921 H
1146 864 1210 941 3,
1265 863 1343 923 16
1409 859 1594 924 ‘Non
1648 882 1796 924 sum
1852 860 1937 924 de
1992 860 2205 926 nihilo
2261 860 2555 927 blandus

199 964 516 1028 amator’.
594 963 666 1027 Π
715 969 772 1047 1,
821 969 930 1045 16;
983 970 1080 1047 16,
1131 972 1230 1029 52.

387 1074 450 1153 0)
505 1069 1011 1158 Lexicographi
1040 1071 1249 1136 velim
1293 1073 1729 1137 meminerint
1776 1080 2159 1139 structurae
2190 1072 2556 1139 verborum

199 1199 303 1241 VS.
335 1176 440 1241 IV
477 1182 574 1260 10,
619 1184 655 1241 2
706 1176 935 1241 ‘Arma
982 1226 996 1243 .
1045 1229 1058 1241 .
1108 1177 1192 1243 de
1239 1177 1526 1243 ducibus
1575 1229 1589 1243 .
1624 1230 1636 1242 .
1683 1180 2001 1266 re‘cepta'.
2069 1178 2207 1244 Ofr.
2242 1180 2362 1246 Ον.
2392 1182 2555 1245 Met.

200 1281 384 1347 VIH
417 1289 562 1347 835.
627 1284 737 1348 Pr.
769 1283 804 1348 I
839 1291 894 1366 3,
929 1292 1011 1349 26
1045 1288 1352 1349 ‘munera
1383 1285 1468 1350 de
1501 1336 1514 1348 .
1552 1338 1563 1351 .
1596 1286 1833 1351 voluta
1872 1287 2069 1351 sinu'.
2135 1286 2280 1351 Cat.
2316 1292 2417 1369 68,
2452 1294 2554 1352 59.

200 1388 528 1454 Elocutio
596 1389 708 1454 ‘de
763 1390 972 1455 more’
1038 1413 1180 1456 sese
1245 1391 1446 1457 offert
1509 1391 1583 1456 ΙΙ
1632 1399 1697 1474 3,
1748 1399 1828 1458 13
1894 1393 2005 1457 ‘de
2059 1416 2143 1457 m.
2196 1416 2426 1458 comae
2474 1444 2487 1456 .
2536 1444 2551 1456 .

203 1493 546 1561 fluentes’.

395 1609 450 1667 3.
517 1602 938 1690 Praepositio
984 1603 1063 1667 E.

389 1709 455 1795 a)
516 1708 1089 1795 Praegnantibus,
1156 1732 1328 1794 quae
1383 1718 1743 1793 vocantur,
1810 1712 2171 1776 structuris
2232 1713 2555 1777 sermonis

205 1816 648 1902 Propertiani
694 1816 1163 1903 adiungantur
1207 1817 1360 1883 hae:
1437 1818 1510 1883 Π
1562 1824 1660 1901 12,
1714 1823 1792 1884 10

435 1922 556 1987 ‘Et
601 1924 921 2011 pharetra
968 1947 1050 1989 ex
1094 1947 1327 1990 umero
1376 1924 1633 1990 Gnosia
1677 1933 1969 2010 utroque
2015 1925 2236 1991 iacet’.

203 2029 247 2092 i.
282 2052 338 2094 e.
388 2029 448 2093 d.
481 2030 568 2094 K.
616 2052 754 2095 von
799 2030 1048 2096 beiden
1093 2031 1246 2097 soh.
1293 2030 1504 2096 herab
1553 2031 1942 2117 (hangend).

392 2135 656 2213 Quibus
701 2138 1043 2203 simillima
1073 2138 1335 2203 Statius
1383 2146 1452 2203 et
1483 2138 1771 2203 Ovidius
1816 2145 2213 2203 struxerunt
2243 2137 2454 2203 verba
2483 2139 2559 2204 in

205 2242 377 2307 silv.
425 2243 534 2307 HI
580 2251 638 2326 4,
689 2252 770 2309 30
819 2245 963 2310 ‘sed
1009 2267 1151 2310 non
1198 2252 1342 2310 erat
1388 2245 1494 2309 illi

433 2349 654 2415 Ar'cus
701 2358 770 2415 et
817 2374 900 2417 ex
945 2352 1195 2417 umeris
1241 2351 1471 2416 nullae
1516 2350 1947 2437 fulgentibus
1992 2351 2316 2417 umbrae’.

208 2462 282 2520 et
327 2455 404 2519 in
446 2456 609 2521 Met.
657 2480 752 2524 νε.
783 2458 924 2523 XV
958 2464 1083 2523 829
1133 2458 1344 2536 ‘Quid
1389 2510 1402 2521 .
1439 2512 1450 2525 .
1498 2465 1739 2544 gentes
1786 2457 1871 2522 ab
1918 2465 2211 2543 utroque
2256 2458 2557 2523 iacentes

209 2562 479 2628 Oceano
527 2564 938 2629 numeremP’

388 2669 474 2733 In
505 2671 788 2736 eandem
819 2671 1092 2737 dicendi
1113 2671 1671 2737 consuetudinem
1702 2670 1954 2735 cadunt
1983 2671 2119 2736 loci
2147 2672 2242 2736 Pr
2278 2671 2381 2736 IV
2393 2678 2449 2755 6,
2473 2679 2557 2737 40

437 2777 560 2842 ‘Et
603 2776 793 2843 favet
839 2801 924 2843 ex
967 2779 1220 2843 umeris
1264 2778 1394 2843 1100
1441 2800 1614 2843 onus
1660 2800 1857 2843 omne
1901 2778 2111 2845 meis’.

439 2889 539 2967 10,
594 2890 670 2949 11
729 2885 891 2949 ‘Hic
937 2884 1151 2973 spolia
1197 2907 1280 2950 ex
1325 2884 1577 2949 umeris
1626 2905 1825 2948 ausus
1870 2906 2139 2973 sperare
2188 2883 2504 2960 Quirini'.

435 2990 545 3053 ΠΙ
595 3000 648 3074 7,
701 2998 784 3056 14
831 2992 1046 3068 ‘Quae
1091 2991 1306 3079 spolia
1351 2978 1436 3056 ex
1479 2990 1598 3056 illo
1644 2997 1839 3055 tanta
1882 2988 2075 3055 fuere
2120 2990 2315 3055 tibi‘?’

391 3096 818 3183 Quamquam
850 3098 1144 3164 elocutio
1174 3098 1512 3163 ‘invenire
1543 3121 1628 3163 ex
1658 3097 1903 3182 aliquo’
1936 3097 2118 3162 idem
2135 3098 2322 3163 valet
2352 3105 2558 3191 atque

207 3202 544 3269 sciscitari
579 3227 664 3270 ex
693 3206 872 3290 alqo’
921 3206 1069 3289 (Ov.
1102 3205 1210 3270 Tr.
1242 3205 1308 3270 V
1335 3212 1482 3270 446.
1545 3205 1731 3270 CaeS.
1762 3203 1825 3269 b.
1858 3228 1922 3289 g.
1954 3204 2027 3268 ΙΙ
2061 3212 2116 3286 4,
2154 3208 2279 3288 16),
2325 3210 2558 3269 tamen

209 3310 388 3375 hanc
443 3311 586 3377 vim
643 3312 776 3376 ‘ex’
824 3312 1108 3378 voculae
1172 3311 1546 3379 attribuere
1602 3317 1917 3377 vetamur
1971 3332 2067 3376 vs.
2116 3311 2225 3373 Pr.
2272 3311 2307 3374 I
2356 3319 2423 3394 4,
2474 3318 2553 3376 27

1094 3424 1390 3484 ‘maneat
1417 3402 1534 3483 ⁴sic
1580 3440 1858 3506 semper,
1906 3416 2131 3491 adom,

435 3524 579 3589 Nec
625 3525 990 3610 quicquam
1038 3548 1122 3590 ex
1167 3526 1300 3609 illa,
1348 3524 1534 3610 quod
1581 3545 1840 3609 querar,
1885 3523 2278 3588 inveniam'.

391 3631 604 3696 Poeta
658 3632 840 3696 enim
893 3633 1078 3697 omni
1135 3632 1631 3698 asseveratione
1691 3631 1906 3696 amico
1962 3629 2259 3695 affirmat
2317 3652 2459 3694 sese
2518 3652 2558 3695 a

211 3736 520 3822 Cynthia
549 3737 750 3824 diligi
779 3745 984 3823 atque
1017 3760 1248 3803 carum
1278 3737 1532 3803 haberi.
1598 3736 1819 3821 Atqui
1848 3737 1907 3801 si
1940 3743 2230 3801 exeunte
2261 3737 2559 3801 carmine

211 3849 434 3930 optat,
489 3851 570 3909 ut
613 3845 880 3931 puellae
927 3867 1092 3930 erga
1147 3867 1218 3909 se
1274 3866 1463 3909 amor
1516 3843 1826 3909 assiduus
1872 3844 1987 3925 sit,
2042 3866 2269 3908 nonne
2317 3843 2558 3921 elucet,

211 3958 580 4015 amatorem
624 3951 699 4015 in
745 3951 983 4016 eodem
1027 3952 1382 4016 enuntiato
1431 3950 1805 4037 deprecari,
1851 3972 1940 4014 ne
1987 3949 2173 4033 quod
2218 3957 2559 4034 queratur,

212 4056 288 4121 in
342 4058 570 4144 puella
625 4058 1053 4145 experiatur?
1145 4058 1333 4135 Quae
1389 4080 1544 4122 cum
1598 4058 1699 4122 ita
1753 4058 1919 4139 sint,
1984 4055 2193 4121 verba
2250 4059 2360 4121 ‘ex
2412 4056 2555 4121 illa’

212 4165 629 4253 respondent
658 4172 890 4230 nostro
910 4186 1048 4231 von
1073 4164 1269 4251 jener
1299 4165 1436 4247 her,
1457 4187 1545 4229 an
1572 4166 1781 4250 jener.
1830 4160 1969 4227 cfr.
1991 4163 2112 4229 Ov.
2124 4161 2275 4227 Am.
2294 4162 2366 4227 H
2390 4170 2449 4246 5,
2476 4170 2555 4228 54

439 4272 810 4357 ‘Torqueor
854 4270 1112 4355 infelix,
1161 4294 1248 4337 ne
1293 4279 1435 4338 tam
1480 4270 1664 4336 bona
1708 4270 1997 4335 senserit
2043 4271 2231 4353 alter,

437 4379 532 4443 Et
578 4379 734 4444 volo
780 4402 920 4443 non
968 4400 1052 4443 ex
1090 4378 1218 4443 hac
1263 4378 1382 4443 illa
1426 4376 1637 4442 fuisse
1682 4376 1888 4442 nota'.
