3092 5117
1333 430 1422 440 ...
1516 398 1735 456 5..-

356 570 664 638 faverint
710 577 918 656 atque
947 569 1076 635 hac
1108 569 1375 635 ratione
1405 569 1653 635 vocula
1684 568 1807 635 ‘at’
1839 590 2117 657 perraro
2146 574 2474 657 usurpata
2505 590 2710 655 appa-

357 684 532 762 reat,
586 677 1070 744 Lachmannus
1127 698 1210 741 ex
1265 675 1498 742 codice
1543 675 1757 741 Gron.
1803 696 1930 763 pro
1975 676 2099 741 ‘at’
2154 674 2712 742 coniunctionem

360 786 484 851 ‘et’
532 806 792 851 summo
837 784 988 849 iure
1033 783 1294 871 recepit
1338 782 1413 849 in
1456 805 1557 850 vs,
1602 782 1639 847 I
1688 790 1744 866 6,
1796 790 1878 848 22
2281 764 2293 777 ⁸

571 891 778 957 ‘Nam
821 896 945 955 tua
988 911 1129 957 non
1176 896 1360 955 aetas
1405 910 1711 974 unquam
1756 889 2049 955 cessavit
2098 887 2329 973 amori,

707 997 992 1085 Semper
1037 1003 1108 1063 et
1152 1003 1453 1062 armatae
1501 1018 1664 1061 cura
1706 994 1847 1061 fuit
1890 994 2201 1083 patriae’.
2319 990 2327 997 ’

537 1102 798 1169 Contra
824 1102 1158 1191 Hertzbg.
1192 1110 1262 1169 et
1291 1102 1643 1169 Baehrens
1671 1103 2039 1169 lectionem
2086 1102 2208 1169 ‘at’
2242 1109 2711 1169 servaverunt.

361 1210 622 1289 Quodsi
663 1210 782 1277 ille
825 1233 968 1277 uno
1015 1210 1312 1298 Vergilii
1355 1211 1504 1277 loco
1550 1208 1817 1295 nititur,
1863 1208 1985 1276 ubi
2029 1216 2235 1297 poeta
2281 1214 2565 1297 propter
2608 1231 2710 1273 se-

361 1324 648 1403 quentes
692 1316 1062 1406 particulas
1109 1317 1532 1405 copulativae
1565 1324 1771 1401 atque
1816 1316 1892 1383 in
1922 1316 2268 1382 sententia
2298 1314 2713 1404 amplificata

362 1406 678 1491 voculam
743 1425 865 1490 ‘et’
931 1446 1057 1511 pro
1123 1425 1246 1490 ‘at’
1313 1422 1609 1490 scribere
1670 1425 1790 1490 vix
1843 1423 2075 1511 potuit
2128 1462 2215 1473 —
2270 1422 2417 1511 ipse
2478 1422 2712 1489 videas

361 1530 640 1618 (Georg.
683 1530 792 1595 III
841 1531 995 1617 522)

411 1633 416 1639 ’
576 1636 760 1703 ‘Non
801 1635 1083 1702 umbrae
1131 1688 1144 1702 .
1178 1690 1192 1703 .
1237 1657 1378 1702 11011
1421 1636 1655 1702 mollia
1698 1643 1984 1725 possunt

499 1796 506 1805 ,
574 1746 784 1810 Prata
825 1765 1102 1809 movere
1147 1743 1466 1827 animum,
1512 1764 1657 1809 non
1704 1796 1717 1811 .
1750 1794 1765 1809 .
1812 1743 2056 1825 amnis3
2102 1750 2176 1808 at
2220 1742 2359 1807 ima

576 1850 960 1917 Solvuntur
1002 1850 1218 1916 latera
1263 1856 1471 1936 atque
1519 1850 1749 1916 oculos
1796 1857 2036 1938 stupor
2078 1856 2286 1937 urget
2329 1848 2575 1914 inertis

574 1957 688 2022 Ad
731 1964 1120 2043 terramque
1165 1956 1322 2023 fluit
1369 1957 1631 2023 devexo
1676 1957 1977 2045 pondere
2024 1956 2301 2023 cervix’.

363 2102 448 2113 --
499 2086 626 2151 ego
673 2085 940 2152 appono
984 2064 1154 2130 haec
1197 2063 1544 2153 Propertii
1588 2064 1802 2152 ipsius
1851 2064 2176 2151 exempla.
2266 2062 2375 2127 ΠΙ
2424 2069 2525 2147 24,
2575 2067 2607 2127 1
2620 2067 2653 2127 1

579 2170 794 2236 ‘Haec
839 2192 986 2257 ego,
1031 2192 1172 2236 11011
1215 2168 1418 2255 ferro,
1464 2193 1606 2237 non
1648 2171 1813 2257 igne
1859 2177 2151 2255 coactus,
2200 2177 2271 2235 et
2314 2168 2463 2258 ipsa

731 2276 1123 2363 Naufragus
1169 2276 1450 2364 Aegaea
1492 2298 1661 2344 vera
1701 2276 1973 2344 fatebor
2016 2278 2235 2363 aqua’.

541 2386 677 2450 Pro
720 2384 968 2451 vocula
999 2385 1118 2450 ‘et'
1153 2392 1386 2450 noster
1431 2384 1606 2450 ‘sed’
1640 2384 1870 2472 posuit
1900 2384 1979 2449 in
2010 2384 2369 2450 enuntiato
2400 2382 2716 2449 similiter

362 2490 659 2557 formato
706 2491 743 2556 I
789 2498 846 2575 8,
897 2498 978 2556 39

579 2598 805 2663 ‘Hanc
853 2619 982 2684 ego
1027 2619 1168 2665 non
1213 2620 1397 2683 auro,
1444 2620 1587 2663 non
1631 2596 1825 2665 Indis
1870 2597 2147 2663 flectere
2194 2596 2491 2681 conchis,

730 2704 867 2771 Sed
910 2705 1109 2792 potui
1152 2703 1392 2770 blandi
1437 2704 1756 2770 carminis
1803 2704 2170 2790 obsequio’.
2238 2748 2243 2752 -

542 2812 782 2897 Neque
824 2819 1056 2878 tamen
1089 2812 1575 2896 contenderim,
1622 2818 1895 2901 poetam
1925 2818 2143 2878 metro
2176 2818 2468 2898 cogente
2499 2812 2714 2877 altero

360 2918 513 2984 1000
567 2918 976 3006 particulam
1034 2920 1156 2985 ‘et’
1213 2942 1590 3007 usurpasse.
1682 2920 1783 2985 De
1826 2919 2038 2985 verbo
2086 2917 2405 2984 ‘fatebor’
2452 2940 2714 3002 11101100,

363 3024 424 3089 81
477 3046 600 3111 per
645 3033 955 3092 nostrum
1002 3026 1140 3091 ‘ich
1185 3026 1330 3092 will
1378 3026 1735 3113 gestehen’
1783 3032 2121 3109 vertatur,
2187 3026 2329 3091 eius
2386 3024 2715 3091 traditam

363 3129 653 3196 formam
697 3131 774 3196 in
808 3131 1125 3198 ‘fatebar'
1175 3155 1216 3197 a
1246 3132 1497 3199 criticis
1527 3133 1781 3199 iniuria
1810 3140 2143 3199 mutatam
2174 3156 2331 3198 esse.
2399 3131 2713 3217 Denique

365 3237 534 3323 quid
565 3237 700 3303 sibi
729 3239 900 3304 velit
929 3239 1339 3306 Baehrentis
1384 3240 1678 3305 mutatio
1723 3241 1911 3306 vocis
1958 3240 2155 3327 ‘ipsa’
2203 3241 2277 3304 in
2309 3240 2524 3328 ‘ipse’,
2571 3260 2715 3303 non

364 3345 810 3431 intellegitur.
848 3385 937 3394 —
968 3346 1086 3411 'De
1133 3346 1430 3411 secundo
1476 3347 1642 3430 loco,
1688 3346 1811 3411 ubi
1855 3346 2261 3435 particulam
2307 3348 2411 3412 ‘et'
2460 3346 2548 3411 ad
2592 3367 2715 3410 no-

364 3453 624 3518 tionem
669 3452 1170 3518 adversativam
1216 3453 1535 3518 accedere
1582 3452 2170 3538 animadvertitur,
2215 3453 2252 3518 I
2303 3459 2403 3537 16,
2453 3458 2485 3518 1
2498 3458 2530 3518 1

581 3559 750 3625 ‘Nec
794 3564 1027 3624 tamen
1072 3559 1192 3623 illa
1238 3582 1398 3625 suae
1443 3566 1806 3626 revocatur
1850 3582 2128 3649 parcere
2173 3559 2409 3643 famae,

732 3666 1026 3753 Turpior
1072 3672 1142 3731 et
1187 3666 1391 3731 saecli
1434 3666 1672 3733 vivere
1716 3666 2029 3733 luxuria’.

545 3772 1055 3857 LachmannUS,
1111 3780 1476 3860 postquam
1530 3774 1724 3839 velut
1778 3795 2089 3861 pannum
2133 3772 2394 3857 reiecit,
2450 3771 2500 3837 J
2501 3770 2712 3837 acobo

369 3902 680 3945 assensus
747 3887 876 3963 est,
949 3880 1068 3965 qui
1131 3880 1307 3944 illud
1373 3881 1808 3946 enuntiatum
1869 3880 2262 3968 parenthesi
2324 3879 2713 3944 incluserat.

369 3985 626 4051 Tamen
668 3985 1015 4074 Hauptius
1029 3987 1079 4072 1)
1137 3987 1230 4051 018
1289 3985 1564 4070 obiecit,
1631 3986 1799 4052 duos
1854 3986 2234 4052 infinitivos
2289 3986 2534 4053 vocula
2588 3984 2712 4049 ‘et'

367 4099 652 4180 propter
695 4092 982 4159 verbum
1029 4093 1442 4159 ‘revocatur'
1499 4116 1642 4158 non
1687 4116 1881 4181 posse
1937 4093 2263 4181 copulari,
2319 4093 2439 4158 sed
2483 4091 2711 4180 potius

371 4199 549 4264 ‘nec’
597 4199 869 4285 requiri,
917 4204 995 4264 ut
1025 4199 1506 4264 Lachmannus
1537 4199 1749 4287 probe
1781 4200 2245 4266 intellexisset.
2310 4200 2553 4285 Itaque
2586 4198 2712 4282 ‘it',

553 4429 593 4499 ¹)
632 4428 738 4484 Cfr.
779 4428 985 4498 Haupt,
1023 4444 1208 4497 opusc.
1246 4428 1272 4482 I
1308 4447 1363 4497 p.
1395 4429 1512 4484 123.
