3092 5117
1485 382 1924 453 -42—

710 550 893 615 Illud
940 551 1273 637 Scaligeri
1320 551 1676 616 consilium
1724 552 1782 615 si
1826 552 1959 618 tibi
2004 552 2247 639 placet,
2292 575 2379 617 ne
2426 552 2557 617 alio
2606 550 2881 637 quidem

525 655 676 721 loco
722 657 820 723 IV
864 659 968 739 10,
1022 664 1099 723 18
1149 658 1723 745 praepositionem
1769 658 2022 723 reicies,
2087 658 2397 743 Namque
2445 657 2636 724 codd.
2669 659 2879 745 Neap.

528 762 710 828 Flor.
766 764 937 829 Dav.
1002 764 1330 829 exhibent
1391 764 1757 829 lectionem
1814 765 2129 851 ‘aporco’,
2195 788 2349 829 cum
2414 765 2572 830 cod.
2602 764 2759 831 Vat.
2813 773 2880 830 et

525 869 710 935 Flor.
746 880 783 935 2
831 892 1004 936 man
1052 872 1220 936 haec
1264 870 1569 936 tradant:

753 976 986 1043 ‘Urbis
1031 978 1449 1061 virtutisque
1493 1000 1738 1064 parens
1786 978 1884 1042 sic
1928 978 2207 1043 vincere
2252 979 2493 1061 suevit,

845 1083 980 1161 Qui
1025 1084 1191 1150 tulit
1237 1084 1465 1170 aprico
1511 1082 1771 1170 frigida
1816 1091 2036 1149 castra
2080 1085 2262 1150 lare’.

705 1190 1110 1255 Rectissime
1175 1191 1392 1277 igitur
1445 1190 1496 1255 J
1497 1189 1745 1256 acobus
1758 1192 1809 1274 l)
1874 1190 2272 1256 facillimam
2334 1191 2877 1257 emendationem

534 1299 595 1358 ‘a
638 1298 868 1384 parco’
921 1320 960 1362 a
1003 1297 1391 1362 Baehrente
1448 1298 1591 1362 solo
1646 1305 1991 1385 receptam
2033 1298 2402 1385 proposuit.
2492 1297 2870 1363 Enimvero

524 1401 699 1486 quid
728 1403 954 1468 valeat
983 1396 1158 1468 illud
1205 1404 1460 1491 ‘aprico
1506 1404 1691 1488 lare’,
1738 1405 1859 1469 vix
1902 1404 2355 1491 intellegitur,
2403 1426 2559 1468 cum
2602 1411 2876 1470 retenta

525 1508 911 1575 elocutione
967 1514 1031 1575 ‘a
1086 1511 1313 1598 parco'
1370 1511 1701 1575 victoriae
1756 1512 2059 1595 Romuli,
2118 1511 2300 1596 quod
2354 1511 2668 1594 sentiam,
2732 1534 2874 1575 mo-

529 1613 760 1679 destae
817 1623 1315 1702 contentaeque
1369 1618 1558 1683 vitae
1612 1618 1953 1705 praeclare
2009 1624 2445 1705 opponantur
2497 1618 2876 1702 voculaque

527 1722 622 1786 ‘a'
655 1722 895 1787 relicta
940 1724 1130 1788 sedes
1161 1724 1506 1789 indicetur
1539 1724 1774 1789 eadem
1818 1724 2085 1789 ratione
2117 1731 2324 1809 atque
2369 1724 2443 1788 in
2489 1747 2584 1789 VS.
2618 1724 2877 1790 ‘Sensit

524 1827 613 1893 ab
661 1830 930 1895 Oetaeis
977 1829 1230 1915 gaudia
1273 1831 1493 1917 prima
1537 1831 1763 1917 iugis’.

708 1939 770 2018 e)
825 1936 1196 2021 Reliquum
1243 1944 1362 2020 est,
1407 1944 1487 2002 ut
1535 1958 1873 2023 exponam
1920 1935 2003 2002 de
2049 1960 2145 2001 νε.
2192 1937 2227 2000 Ι
2278 1943 2377 2020 12,
2430 1943 2509 2002 19

752 2042 876 2105 ‘Mi
921 2065 1144 2127 neque
1177 2065 1399 2107 amare
1433 2043 1634 2107 aliam
1666 2065 1887 2127 neque
1920 2042 2005 2107 ab
2045 2042 2174 2107 hac
2206 2042 2531 2108 desistere
2561 2042 2697 2108 fast
2728 2046 2875 2109 est⁷.

525 2147 702 2212 Cum
749 2148 938 2213 codd.
987 2149 1196 2235 Neap.
1245 2156 1315 2213 et
1358 2149 1550 2214 Voss
1600 2149 1996 2214 ‘dissistere'
2044 2148 2359 2233 verbum,
2406 2151 2597 2213 cuius
2643 2160 2875 2215 veram

413 2309 420 2314 .
526 2252 816 2319 formam
847 2255 1218 2320 ‘desistere’
1253 2256 1559 2321 servavit
1591 2255 1735 2321 cod.
1767 2256 1967 2339 Flor.,
2010 2256 2436 2339 tradiderint,
2482 2279 2875 2343 persuasum

526 2360 770 2445 habeo,
844 2360 1173 2427 librorum
1237 2362 1393 2427 Vat.
1469 2369 1540 2428 et
1603 2362 1775 2428 Dav.
1840 2362 2249 2449 scripturam
2312 2368 2327 2399 ‘
2341 2363 2712 2429 discedere’
2790 2364 2873 2429 ab

523 2466 834 2554 Hauptio
889 2468 1337 2553 Vahlenoque
1392 2476 1736 2555 receptam
1792 2470 1936 2534 levi
1990 2477 2330 2535 momento
2387 2470 2875 2535 aestimandam

528 2596 685 2638 esse.
776 2574 935 2638 Huc
999 2575 1288 2659 accedit,
1353 2582 1434 2640 ut
1488 2577 1689 2662 Prop.
1739 2575 1950 2641 verbo
2008 2576 2383 2641 ‘desistere’
2441 2600 2601 2641 usus
2658 2578 2749 2643 sit
2802 2578 2875 2641 in

527 2680 733 2745 simili
777 2682 1118 2746 sententia
1164 2682 1236 2745 II
1286 2689 1385 2766 20,
1437 2689 1518 2747 36

749 2787 927 2853 ‘Hoc
971 2788 1142 2852 mihi
1185 2796 1515 2876 perpetuo
1563 2788 1669 2853 ius
1716 2796 1835 2872 est,
1883 2788 2069 2873 quod
2114 2790 2295 2854 solus
2340 2798 2602 2855 amator

836 2894 981 2959 Nec
1028 2895 1162 2959 cito
1209 2894 1461 2959 desisto
1507 2917 1633 2960 nec
1678 2902 1933 2960 temere
1978 2895 2275 2983 incipio'.

524 3008 731 3085 atque
778 3001 971 3066 illius·
993 3001 1188 3067 verbi
1235 3009 1582 3067 structura
1630 3001 1956 3067 offeratur
2001 3025 2103 3089 ap.
2136 3003 2356 3069 Plaut.
2388 3004 2566 3068 Men.
2599 3004 2664 3068 V
2698 3013 2754 3087 2,
2792 3012 2867 3068 27

525 3107 670 3171 ‘ille
716 3107 834 3172 abs
881 3115 951 3172 te
998 3109 1212 3174 iratus
1260 3108 1593 3174 destititP'

707 3222 763 3278 2.
830 3214 953 3279 De.

704 3324 768 3403 a)
829 3322 938 3385 Pr.
984 3321 1094 3385 ΠΙ
1141 3329 1208 3405 9,
1259 3328 1289 3387 1
1363 3323 1745 3387 ‘Maecenas
1803 3345 2005 3407 eques
2050 3322 2342 3387 Etrusco
2399 3321 2483 3386 de
2539 3323 2868 3409 sanguine

522 3428 808 3512 regum'.
900 3427 972 3491 Π
1021 3436 1076 3511 7,
1130 3436 1207 3494 14
1259 3429 1528 3493 ‘Nullus
1578 3429 1661 3493 de
1707 3436 1939 3494 nostro
1986 3429 2320 3515 sanguine
2365 3429 2558 3494 miles
2607 3429 2781 3494 erit’.

703 3532 774 3617 b)
840 3534 1048 3618 Ordo,
1133 3534 1209 3599 in
1284 3558 1418 3619 quo
1495 3535 1648 3620 quis
1725 3534 2152 3621 reponendus
2229 3542 2367 3619 est,
2442 3535 2869 3621 significatur

521 3662 620 3705 νε.
666 3640 739 3704 Π
789 3647 898 3724 24,
950 3648 1031 3705 30
1121 3642 1292 3706 ‘Iam
1356 3641 1489 3706 tibi
1562 3642 1647 3707 de
1717 3641 1979 3707 timidis
2052 3642 2181 3707 iste
2255 3649 2618 3729 protervus
2696 3642 2864 3707 erit'.

521 3746 647 3812 Ον.
693 3746 846 3811 Am.
893 3747 1003 3811 ΠΙ
1051 3756 1115 3830 3,
1165 3756 1247 3813 46
1327 3748 1448 3814 ‘Et
1501 3770 1641 3813 non
1696 3748 1779 3813 de
1834 3748 2098 3814 tetricis
2156 3748 2417 3813 dicerer
2463 3772 2605 3813 esse
2662 3749 2866 3813 deus'.

523 3854 709 3918 Fast.
755 3855 821 3920 V
869 3860 992 3919 351
1045 3858 1212 3919 ‘non
1259 3862 1362 3919 est
1409 3855 1494 3920 de
1538 3877 1787 3941 magna
1832 3853 2196 3942 professis’.

703 3965 764 4044 c)
820 3962 929 4025 Pr.
976 3960 1048 4025 H
1097 3968 1206 4045 29,
1261 3966 1338 4026 17
1399 3960 1789 4027 ‘Afflabunt
1843 3961 1976 4026 tibi
2030 3984 2169 4026 non
2212 3961 2519 4026 Arabum
2576 3961 2661 4027 de
2717 3985 2864 4048 gra-

525 4067 705 4131 mine
753 4068 1034 4132 odores’.
1127 4069 1162 4132 I
1213 4077 1277 4152 5,
1331 4076 1412 4133 26
1473 4069 1720 4147 ‘Quam
1767 4069 1903 4133 cito
1951 4068 2036 4133 de
2080 4075 2276 4133 tanto
2323 4069 2596 4134 nomine
2642 4092 2867 4135 rumor

525 4173 699 4239 eris'.
774 4196 907 4259 quo
956 4198 1039 4239 ex
1086 4175 1446 4241 enuntiato
1491 4176 1836 4262 praeclare
1893 4176 2357 4261 cognoscitur,
2416 4198 2551 4260 qua
2605 4176 2867 4241 ratione

523 4280 934 4367 praepositio
982 4304 1253 4349 causam
1297 4282 1602 4347 indicare
1649 4282 1972 4370 coeperit:

705 4416 744 4483 1)
780 4413 868 4468 Fr.
893 4414 1112 4481 Jacobs,
1152 4413 1354 4469 Philol.
1410 4415 1461 4468 H
1497 4433 1553 4483 p.
1580 4414 1700 4469 452.
