3092 5117
1355 372 1803 431 ..12-

579 542 616 609 I
665 548 695 609 1
710 547 765 627 1,
815 550 897 607 22
1374 546 1532 609 ‘non
1576 542 1791 609 maior
1838 541 2151 609 custodia
2192 549 2433 608 matris

961 648 1109 716 Aut
1155 649 1300 715 sine
1346 657 1417 715 te
1462 650 1650 717 vitae
1698 672 1859 715 cura
1902 650 1994 715 sit
2038 650 2179 715 ulla
2222 650 2447 715 meae’.

579 756 651 823 Π
700 764 800 840 13,
851 764 962 840 5ο;
1013 764 1114 841 34,
1161 764 1266 823 40.
1356 757 1429 823 Π
1480 764 1579 841 17,
1632 764 1713 823 16

616 864 779 929 ‘Nec
822 864 986 931 licet
1030 864 1106 929 in
1149 863 1377 930 triviis
1425 914 1440 929 .
1490 916 1504 929 .
1551 864 1973 950 requiescere
2017 864 2198 949 luna,

724 969 872 1037 Aut
917 994 1043 1060 per
1085 970 1366 1037 rimosas
1411 970 1689 1037 mittere
1734 970 1946 1037 verba
1989 968 2205 1039 fores’.

585 1084 684 1161 28,
743 1084 844 1143 57.
935 1076 1044 1143 ΠΙ
1101 1084 1158 1161 3,
1216 1084 1317 1143 43.
1408 1078 1513 1143 IV
1563 1083 1619 1159 1,
1681 1083 1825 1144 104.
1914 1077 2017 1143 IV
2074 1085 2131 1161 3,
2191 1084 2273 1143 64
2329 1076 2453 1142 ‘Ne
2502 1116 2583 1126 -
2631 1077 2759 1143 ve’.

401 1184 474 1251 Π
523 1190 580 1268 1,
629 1191 711 1251 23
761 1188 1052 1249 ‘non·—
1097 1207 1183 1250 ve
1229 1222 1319 1233 -—
1365 1183 1520 1251 aut’.

583 1297 641 1357 3.
701 1290 932 1355 Minus
979 1298 1224 1357 notum
1269 1298 1373 1357 est
1419 1290 1628 1356 etiam
1674 1290 1819 1357 ‘vel'
1865 1289 2273 1378 particulam
2316 1290 2445 1355 hac
2489 1290 2759 1357 ratione

402 1404 800 1485 usurpatam
847 1420 1006 1463 esse.
1096 1396 1378 1463 Etenim
1423 1419 1504 1463 vs
1548 1397 1603 1480 Ι,
1654 1404 1755 1481 14,
1803 1404 1887 1462 24
1935 1400 2093 1463 ‘non
2137 1397 2279 1462 ulla
2321 1396 2611 1463 verebor

615 1504 864 1591 Regna
906 1504 1021 1571 vel
1065 1502 1341 1569 Alcinoi
1385 1526 1669 1569 munera
1715 1503 2097 1591 despicere’.

579 1610 1088 1695 LachmanuuS‚
1155 1632 1310 1676 cum
1361 1610 1649 1676 Latinos
1713 1611 1843 1675 tali
1900 1610 2105 1677 modo
2170 1610 2537 1699 particulas
2596 1631 2752 1703 con·

404 1716 709 1783 iunxisse
772 1724 1084 1805 negaret,
1150 1717 1559 1805 scripturam
1624 1716 1875 1783 codicis
1932 1717 2145 1783 Gron.
2210 1718 2369 1782 ‘nec'
2424 1739 2549 1805 pro
2606 1716 2758 1781 ‘vel'

403 1830 772 1912 receperat,
813 1824 1106 1889 Mueller
1151 1830 1381 1890 autem
1427 1823 1581 1890 ‘aut’
1628 1824 2009 1913 scripserat.
2098 1824 2497 1901 Rectissime
2534 1823 2763 1910 igitur

405 1931 660 1999 codicis
689 1931 899 2019 Neap.
932 1931 1297 1997 lectionem
1328 1931 1817 1997 restistuerunt
1846 1931 2194 1997 Baehrens
2229 1937 2299 1996 et
2317 1929 2667 1996 Vahlenus
2681 1930 2760 2019 1),

404 2038 526 2125 qui
571 2038 801 2125 exegit
848 2061 996 2104 eam
1041 2038 1129 2105 ad
1175 2039 1562 2127 exemplum
1605 2038 1980 2105 Tibulliani
2023 2060 2259 2105 versus
2304 2037 2343 2103 Ι
2389 2046 2447 2122 9,
2498 2046 2581 2105 60

737 2145 899 2211 ‘Nec
943 2196 957 2210 .
991 2196 1006 2209 .
1053 2166 1241 2211 soror
1285 2143 1557 2212 dicatur
1600 2146 1800 2233 plura
1844 2144 2095 2211 bibisse

724 2253 980 2318 Pocula
1023 2252 1137 2318 vel
1179 2252 1410 2341 plures
1458 2252 1822 2319 emeruisse
1867 2252 2087 2319 viros'.

405 2382 540 2446 qua
586 2359 672 2425 de
728 2359 1070 2447 scriptura
1115 2382 1154 2425 a
1197 2358 1641 2426 Lachmanno
1696 2359 2085 2427 dubitatum
2139 2368 2302 2426 erat.
2393 2361 2763 2425 Praeterea

401 2466 756 2534 Vahlenus
821 2466 1059 2533 attulit
1121 2488 1396 2532 versum
1463 2466 1829 2533 Claudiani
1894 2467 1978 2532 de
2041 2489 2181 2555 rap.
2245 2468 2432 2533 Pros.
2495 2466 2605 2531 [H
2670 2472 2754 2531 28

404 2578 648 2660 ‘neque
695 2573 876 2639 enim
918 2573 1244 2640 livescere
1297 2572 1402 2639 fas
1460 2581 1565 2639 est
1609 2574 1741 2641 Vel
1784 2574 2093 2640 nocuisse
2150 2573 2347 2641 deos'.
2439 2573 2576 2639 Sed
2621 2573 2763 2639 iam

404 2680 602 2747 Ovid.
647 2680 799 2745 Art.
847 2702 973 2746 am.
1019 2679 1129 2746 ΠΙ
1179 2686 1304 2745 204
1354 2679 1565 2745 habet

619 2787 779 2853 ‘Nec
824 2786 1049 2875 pudor
1096 2794 1199 2853 est
1246 2786 1476 2853 oculos
1522 2786 1719 2852 tenui
1763 2787 2036 2873 signare
2081 2786 2322 2855 favilla

724 2893 855 2960 Vel
899 2915 1111 2981 prope
1157 2900 1227 2959 te
1272 2900 1459 2976 nato,
1504 2893 1733 2959 lucide
1780 2893 2039 2981 Cydne,
2087 2894 2320 2960 croco’.

403 3001 617 3065 Porro
673 2999 1000 3091 dixerunt
1045 3001 1211 3067 Hor.
1257 3001 1360 3067 IV
1408 3010 1466 3086 9,
1516 3009 1598 3067 22
1659 3004 1815 3067 ‘non
1868 3000 2065 3067 ferox
2118 3002 2380 3068 Hector
2433 3001 2546 3069 vel
2600 3023 2764 3067 acer

403 3107 803 3195 Deiphobus
851 3130 1095 3195 graves
1140 3109 1438 3195 Excepit
1483 3109 1697 3174 ictus’.
1746 3116 1817 3175 et
1861 3109 2062 3175 Mart.
2109 3108 2248 3174 VII
2298 3116 2399 3193 14,
2450 3116 2485 3173 5

793 3259 801 3267 -
921 3215 1095 3280 ‘Non
1141 3215 1374 3300 quales
1421 3266 1434 3279 .
1469 3267 1484 3281 .
1529 3215 1833 3302 ploravit
1878 3215 2093 3281 amica
2140 3215 2396 3280 Catulli
2442 3266 2456 3280 .
2490 3266 2503 3278 .

726 3319 858 3386 Vel
905 3320 1157 3386 Stellae
1206 3328 1480 3385 cantata
1523 3343 1674 3387 meo
1723 3344 1889 3407 quas
1934 3321 2129 3387 flevit
2173 3321 2487 3387 Janthis’.

581 3427 760 3493 XIV
795 3434 894 3511 11,
932 3434 964 3493 1
1017 3426 1332 3493 ‘Turbam
1376 3450 1518 3493 non
1564 3429 1771 3493 habet
1817 3428 2205 3495 otiosiorem
2234 3429 2598 3516 Pompeius
2644 3428 2761 3494 vel

403 3532 747 3621 Agenoris
787 3534 1050 3621 puella’.

618 3641 729 3706 III
764 3650 818 3725 2,
870 3649 908 3706 5
957 3641 1078 3707 ‘Ne
1125 3692 1138 3706 .
1173 3695 1188 3713 .
1234 3649 1470 3729 raptus
1515 3642 1592 3707 in
1638 3641 1935 3707 culinam
1976 3642 2306 3729 Cordylas
2350 3695 2362 3707 .
2397 3694 2411 3709 .
2456 3648 2651 3729 tegas
2697 3693 2709 3706 .

612 3749 745 3813 Vel
789 3748 963 3814 turis
1008 3747 1351 3835 piperisve
1396 3748 1487 3813 sis
1534 3748 1855 3813 cucullus
1930 3749 2034 3815 VI
2068 3756 2169 3833 50,
2215 3757 2269 3814 6.
2334 3748 2513 3814 XIV
2555 3755 2655 3813 84.
2705 3754 2761 3813 1.

587 3863 644 3920 4.
709 3854 786 3920 Si
829 3876 969 3919 non
1013 3853 1260 3939 multa,
1318 3860 1390 3942 at
1435 3861 1597 3942 apta
1644 3855 1732 3919 ad
1776 3855 2322 3942 persuadendum
2365 3854 2764 3920 testimonia

405 3984 529 4027 nos
578 3961 828 4028 docent
877 3961 960 4026 de
990 3962 1483 4049 particularum
1528 3962 1701 4027 serie
1734 3964 1863 4029 ‘vel
1897 4002 1975 4010 -—
2011 3963 2166 4029 aut'.
2240 3962 2416 4027 Nam
2462 3985 2547 4027 110
2578 3961 2761 4027 hanc

409 4069 686 4156 quidem
701 4069 1186 4134 Lachmannus
1217 4069 1551 4134 latinitati
1583 4070 1914 4135 concessit
1945 4092 2157 4155 eaque
2178 4070 2263 4135 de
2292 4092 2493 4135 causa
2511 4069 2764 4155 vetuit,

407 4178 636 4243 sedem
681 4177 929 4242 habere
976 4175 1323 4240 distichon
1368 4176 1478 4242 111
1528 4183 1628 4260 21,
1679 4184 1797 4241 25:

587 4407 628 4475 1)
663 4406 899 4473 vahlen,
935 4407 1140 4461 ibidem
1181 4424 1236 4476 p.
1275 4406 1402 4461 338.
