3092 5117
360 942 774 1099 Propertius
819 1006 1173 1095 particulis
1221 1007 1551 1072 sermonis
1598 1006 1935 1093 quomodo
1982 1028 2142 1071 usus
2189 1006 2306 1091 sit,
2366 1030 2693 1093 quaerere

361 1116 642 1199 institui,
699 1136 854 1179 cum
909 1113 1070 1199 quia
1123 1112 1270 1178 sine
1327 1120 1645 1206 accurata
1699 1135 1931 1178 earum
1986 1109 2379 1199 cognitione
2424 1121 2696 1203 poetam

361 1246 572 1309 neque
623 1221 936 1307 intellegi
990 1226 1175 1285 recte
1231 1242 1452 1305 neque
1509 1220 1857 1285 emendari
1910 1242 2105 1308 posse
2159 1220 2331 1285 mihi
2375 1222 2695 1309 persuasi,

357 1338 501 1397 tum
544 1328 724 1414 quod
767 1327 946 1391 hanc
977 1326 1458 1413 grammaticae
1487 1326 1975 1414 Proper-tianae
2005 1333 2271 1415 partem
2312 1329 2699 1415 neglectam

351 1436 492 1502 fere
535 1435 750 1500 iacere
797 1434 1269 1501 animadverti.

525 1540 589 1605 A
635 1541 1014 1607 disserendi
1057 1541 1325 1606 ratione
1373 1562 1623 1625 eorum,
1672 1540 1793 1626 qui
1822 1540 2073 1605 similia
2102 1540 2357 1628 scripta
2388 1541 2696 1608 confece-

357 1655 530 1733 runt,
576 1647 838 1713 duabus
884 1648 1086 1714 rebus
1134 1648 1426 1713 discessi.
1503 1647 1739 1732 Atque
1784 1648 2082 1735 primum
2126 1648 2301 1713 nihil
2348 1648 2697 1734 antiquius

351 1755 580 1840 habui,
648 1777 854 1840 quam
905 1762 986 1820 ut
1039 1760 1270 1820 textus
1318 1760 1563 1842 poetae
1618 1760 1827 1840 atque
1880 1754 2362 1843 interpretatio
2418 1755 2698 1822 adiuva-

350 1869 601 1928 rentur.
616 1862 669 1949 1)
760 1861 1058 1945 Deinde,
1108 1869 1189 1927 ut
1233 1869 1603 1947 utrumque
1650 1883 2063 1947 assequerer,
2120 1884 2325 1947 quam
2369 1862 2697 1949 plurimos

351 1976 654 2057 poteram
697 1975 932 2056 poetas
980 1990 1136 2034 cum
1175 1968 1546 2055 Propertio
1582 1968 1987 2055 comparavi.
2066 1970 2221 2053 Qua
2264 1968 2381 2035 via
2426 1969 2697 2034 criticos

345 2083 554 2161 atque
629 2074 1038 2163 interpretes
1113 2074 1565 2163 prosperrime
1641 2073 1967 2162 progredi
2043 2097 2453 2160 quamquam
2514 2075 2699 2141 inter

348 2205 580 2248 omnes
615 2188 897 2267 constat,
944 2188 1176 2247 tamen
1206 2182 1367 2246 huic
1399 2182 1565 2245 artis
1606 2182 1883 2247 criticae
1914 2182 2307 2247 necessitati
2336 2182 2697 2270 scriptores

345 2288 996 2354 commentationum
1025 2288 1629 2375 Propertianarum
1674 2310 1916 2375 parum
1944 2296 2321 2376 paruerunt
2368 2312 2581 2374 eaque
2613 2289 2698 2355 de

343 2420 548 2463 causa
609 2396 892 2461 mutatis
958 2395 1268 2460 codicum
1339 2394 1747 2460 lectionibus
1824 2402 1894 2461 et
1958 2395 2263 2461 traiectis
2329 2395 2697 2481 eiectisque

340 2503 653 2570 versibus
699 2508 968 2568 textum
1011 2501 1264 2567 iniuria
1308 2508 1755 2566 vexaverunt.

523 2610 765 2694 Neque
809 2610 1142 2674 minorem
1187 2606 1562 2674 utilitatem
1620 2630 1703 2673 ex
1757 2609 1877 2674 illa
1922 2609 2427 2697 comparatione
2474 2630 2695 2695 gram—

344 2716 581 2782 matici
657 2723 726 2781 et
787 2716 1256 2804 lexicographi
1321 2715 1612 2803 capient.
1721 2714 1899 2796 Nam
1962 2723 2438 2803 praeterquam
2514 2715 2698 2801 quod

341 2822 656 2912 exempla
712 2824 1132 2911 proprietate
1186 2821 1486 2907 insignia
1541 2828 1908 2908 augentur,
1963 2845 2069 2887 res
2125 2822 2223 2887 in.
2254 2822 2697 2908 grammatica

331 2928 564 2996 latina
608 2930 752 2996 sive
807 2929 1168 3016 ambiguae
1223 2928 1368 2994 sive
1424 2929 1705 3014 ignotae
1758 2929 1896 2993 nisi
1948 2930 2229 3015 negotio
2284 2934 2551 3016 poetae,
2610 2928 2696 2993 de

341 3060 482 3123 quo
529 3036 874 3122 scribitur,
933 3059 1087 3102 cum
1141 3036 1292 3101 aliis
1337 3036 1704 3101 latinitatis
1750 3035 2057 3123 poeticae
2102 3034 2491 3101 auctoribus
2541 3058 2696 3102 con-

343 3142 614 3209 ferendi
658 3152 968 3231 suscepto
1014 3144 1090 3208 in
1135 3142 1286 3207 luce
1333 3140 1675 3207 efficacius
1720 3164 1861 3206 non
1908 3142 2349 3207 collocantur.

1307 3358 1314 3365 .
1353 3394 1591 3491 Caput
1644 3396 1698 3467 Ι.

970 3551 1116 3648 De
1182 3548 2063 3649 coniunctionibus,

873 3820 944 3887 Α.
1023 3820 1111 3888 De
1157 3818 1713 3889 coniunctionibus
1762 3816 2167 3902 copulatius.

529 3967 582 4025 1.
644 3960 1073 4027 Elocutionis
1118 3959 1410 4025 formula
1440 3958 1563 4026 ‘Ac
1598 3960 1843 4025 veluti’
1874 3958 2096 4047 poetis
2142 3965 2500 4046 tantopere
2526 3965 2696 4055 'erat

346 4068 423 4132 in
471 4067 756 4153 deliciiS,
812 4074 892 4133 ut
936 4066 1286 4133 interdum
1331 4073 1719 4150 uterentur,
1769 4066 2065 4151 etiamsi,
2114 4064 2474 4149 sententia,
2522 4088 2695 4151 quae

344 4175 820 4260 illustraretur,
866 4175 1250 4263 praemissa,
1296 4174 1384 4239 ad
1431 4173 1967 4239 continuandam
2004 4172 2379 4238 orationem
2408 4172 2697 4259 simplex

485 4354 530 4422 1)
566 4350 722 4407 Nihil
757 4353 832 4406 ad
866 4354 1083 4407 textum
1129 4354 1188 4407 et
1223 4351 1741 4421 interpretationem
1790 4350 2172 4406 contulerunt:
2233 4349 2507 4404 Frahnert
2552 4350 2695 4419 (zum

343 4440 838 4511 Sprachgebrauch
869 4442 936 4495 'd.
983 4441 1164 4510 Prop..
1220 4440 1383 4495 Halle
1433 4442 1613 4511 1874)
1685 4439 1925 4495 Kuttner
1978 4440 2068 4508 (de
2113 4438 2423 4572 eloctl1ti0ne
2478 4440 2692 4506 quaest.
