3092 5117
474 551 639 618 pore
685 536 1017 615 quantum
1060 530 1429 617 Auguror’.
1522 530 1727 616 Verg.
1774 530 1885 595 IX
1934 536 2059 595 235
2111 534 2313 594 ‘neve
2357 528 2525 594 haec
2574 528 2824 595 nostris

477 643 871 724 spectentur
925 635 1011 701 ab
1059 637 1304 701 annis'.
1371 636 1491 701 ubi
1535 634 1885 723 Ladewig.
1931 636 2109 701 hanc
2156 658 2300 700 rem
2344 634 2653 721 Vergilio
2698 635 2827 701 soli

475 743 728 808 iniuria
774 742 1112 809 attribuit.
1177 744 1455 809 Etenim
1503 765 1817 830 compara
1863 744 1983 809 Ov.
2015 743 2178 807 Met.
2224 742 2400 807 XIV
2435 749 2561 807 323
2610 742 2825 808 ‘ficta-

477 872 610 934 que
650 849 900 937 probes
947 849 1032 915 ab
1063 850 1361 935 imagine
1407 850 1685 916 veram’.
1750 849 1913 915 Her.
1950 849 2025 913 II
2057 855 2140 914 86
2190 848 2301 914 ‘ab
2348 856 2601 915 eventu
2630 848 2828 915 ‹facta

475 956 782 1023 notanda
825 957 1070 1043 putat’.
1161 958 1322 1021 Pan.
1369 957 1567 1021 Mess.
1618 963 1655 1021 3
1705 960 1772 1021 ‘a
1815 955 2076 1021 meritis
2124 955 2183 1020 si
2228 958 2528 1021 carmina
2570 956 2827 1040 laudes,

476 1062 861 1128 Deficiant’.

515 1193 518 1199 ·
655 1170 764 1234 Pr.
795 1169 897 1234 IV
933 1175 988 1253 7,
1025 1177 1106 1235 75
1154 1170 1426 1253 ‘Latris,
1475 1169 1588 1233 cui
1618 1191 1869 1234 nomen
1909 1168 1993 1232 ab
2024 1168 2259 1233 usust’.
2328 1176 2384 1252 2,
2418 1176 2501 1234 48
2538 1170 2831 1235 ‘Nomen

479 1274 564 1340 ab
613 1283 864 1342 eventu
912 1326 925 1340 .
975 1327 988 1339 .
1037 1275 1274 1342 dedit’.
1369 1286 1426 1359 4,
1477 1283 1580 1341 93.

654 1382 728 1468 b)
782 1382 1080 1447 Maxime
1125 1382 1431 1449 omnium
1479 1389 1836 1470 poetarum
1882 1382 2076 1447 Ovid.
2125 1390 2195 1447 et
2239 1384 2438 1469 Prop.
2484 1384 2827 1471 praeposi-

480 1489 669 1554 tione
715 1489 804 1553 ‘a’
851 1512 978 1576 pro
1023 1489 1317 1577 simplici
1366 1489 1667 1555 ablativo
1713 1489 1822 1554 usi
1867 1495 2047 1554 sunt.
2124 1489 2237 1554 Vs,
2284 1490 2392 1555 111
2441 1498 2541 1573 25,
2590 1498 2627 1554 5

703 1596 846 1661 ‘Nil
890 1617 1169 1663 moveor
1211 1596 1533 1661 lacrimis:
1580 1595 1714 1661 ista
1757 1618 1908 1661 sum
1956 1603 2192 1683 captus
2238 1595 2324 1661 ab
2371 1597 2563 1662 arte'.

655 1701 1069 1767 Heimreich.
1083 1703 1154 1789 1),
1203 1702 1388 1787 quod
1435 1702 1555 1787 qui
1582 1702 1879 1767 lacrimis
1910 1724 2052 1767 non
2096 1710 2624 1789 permoveretur,
2672 1724 2831 1768 eum

480 1832 567 1874 ne
634 1816 780 1873 arte
847 1809 1125 1894 quidem
1185 1809 1338 1896 capi
1399 1830 1596 1897 posse
1660 1808 1943 1887 diceret,
2010 1810 2299 1874 ‘cautus'
2356 1832 2481 1897 pro
2537 1808 2828 1895 ‘captus'

483 1916 814 2003 scriptum
844 1916 1082 1981 voluit.
1139 1915 1239 1981 At
1269 1916 1384 1981 ille
1418 1922 1487 1980 et
1519 1915 1639 2000 qui
1671 1915 2129 1980 coniecturam
2159 1916 2433 2003 recepit,
2464 1914 2831 1999 BaehrenS,

482 2022 601 2087 vix
645 2023 1121 2106 meminerunt,
1177 2022 1350 2087 illud
1398 2026 1572 2086 ‘sum
1620 2022 1882 2109 captus'
1930 2024 2315 2107 germanice
2360 2044 2499 2087 non
2551 2021 2665 2087 1011
2710 2021 2834 2087 11111

483 2128 844 2216 gesangen,
895 2129 1016 2194 sed
1059 2129 1173 2194 ich
1217 2128 1340 2195 bin
1386 2128 1738 2215 gefangen
1782 2128 2063 2193 worden
2108 2128 2625 2215 exprimendum
2672 2151 2831 2193 0880.

485 2237 606 2301 Ov.
653 2236 804 2300 Am.
852 2236 924 2300 Π
973 2242 1082 2321 12,
1133 2245 1170 2303 4
1237 2235 1672 2319 ‘Servabant,
1728 2258 1813 2300 ne
1861 2258 1995 2320 qua
2037 2242 2267 2322 posset
2312 2234 2397 2325 ab
2444 2242 2591 2301 arte
2636 2235 2832 2322 capi’.

483 2344 592 2408 Tr.
640 2343 712 2407 Π
761 2350 886 2409 462
939 2342 1118 2421 ‘Qua
1161 2350 1416 2430 nuptae
1462 2342 1729 2429 possint
1773 2341 2009 2407 fallere
2054 2342 2140 2407 ab
2186 2350 2333 2407 arte
2379 2342 2563 2407 viros
2573 2342 2606 2407 ².

661 2451 770 2514 Pr.
813 2449 921 2515 ΠΙ
970 2456 1070 2533 11,
1123 2458 1204 2515 24
1254 2454 1516 2514 ‘currus
1564 2500 1577 2512 .
1627 2500 1639 2511 .
1687 2455 1874 2515 tacto
1920 2450 2259 2535 stringere
2305 2448 2390 2514 ab
2438 2471 2563 2513 axe
2608 2448 2835 2513 latus'.

483 2558 584 2623 IV
618 2564 676 2641 9,
711 2565 792 2623 24
841 2557 1094 2623 ‘Lucus
1141 2555 1226 2621 ab
1271 2556 1591 2621 umbroso
1634 2554 1890 2621 fecerat
1938 2556 2099 2621 orbe
2136 2556 2417 2637 nemus'‚
2463 2555 2587 2621 ubi
2629 2562 2837 2643 poeta

483 2686 622 2729 non
667 2663 920 2728 maiore
954 2663 1251 2746 licentia,
1299 2684 1502 2747 quam
1547 2684 1643 2726 vs,
1690 2662 1792 2727 IV
1826 2669 1882 2745 8,
1922 2668 2003 2727 84
2052 2661 2262 2727 verba
2308 2662 2577 2745 struxit,
2624 2662 2837 2746 siqui-

485 2770 642 2836 dem
670 2769 1081 2857 praepositio
1113 2769 1198 2833 ab
1229 2768 1424 2833 Italis
1475 2775 1544 2832 et
1572 2768 1880 2854 Hauptio
1911 2775 2097 2833 recte
2127 2769 2426 2855 reposita
2472 2775 2591 2833 est.
2654 2768 2835 2833 Nam

488 2878 649 2962 quia
695 2876 959 2942 codices
1018 2897 1165 2940 eam
1209 2897 1352 2940 non
1399 2873 1711 2957 tradunt,
1768 2873 1887 2938 alii
1942 2874 2128 2938 aliud
2175 2875 2621 2962 scripserunt,
2678 2896 2836 2939 cum

483 2984 740 3069 Haupt.
760 2982 928 3047 haec
947 2981 1089 3067 legi
1105 2981 1425 3046 voluerit:
1462 2979 1713 3061 ‘Suffit‚
1747 2987 1817 3045 et
1847 3002 1887 3044 a
1904 3003 2078 3067 pura
2103 2980 2343 3045 limina
2372 2982 2589 3067 tergit
2619 2982 2833 3066 aqua'.

486 3091 596 3155 Pr.
641 3088 718 3152 Π
765 3097 866 3171 27,
920 3094 950 3153 1
965 3096 994 3152 1

715 3194 938 3259 ‘Solus
985 3216 1216 3259 amans
1263 3194 1461 3260 novit
1507 3193 1783 3278 quando
1815 3194 2159 3281 periturus
2206 3201 2275 3259 et
2322 3217 2362 3259 a
2392 3216 2527 3279 qua
2561 3194 2835 3261 Morte’.

484 3301 631 3367 Val.
650 3300 874 3365 Flacc.
894 3300 1032 3367 VII
1056 3307 1183 3366 484
1218 3304 1350 3365 ‘me
1377 3355 1394 3371 .
1415 3354 1432 3372 .
1464 3302 1864 3365 morituram
1893 3301 2107 3387 patris
2139 3299 2225 3365 ab
2244 3300 2347 3365 ira
2363 3301 2833 3367 DissimulaSP’

489 3409 610 3474 Ov.
659 3407 766 3471 Tr.
814 3407 915 3472 IV
964 3415 1030 3491 5,
1081 3414 1116 3471 3
1166 3406 1402 3471 ‘Cuius
1449 3406 1535 3471 ab
1584 3406 1919 3491 adloquiis
1964 3407 2190 3471 anima
2235 3457 2248 3471 .
2297 3456 2310 3471 .
2356 3407 2653 3473 revixit'.

661 3515 770 3579 Pr.
800 3513 902 3578 IV
937 3521 992 3597 3,
1026 3521 1108 3579 99
1157 3512 1374 3591 ‘Quae
1404 3513 1611 3578 tellus
1641 3512 1731 3578 sit
1763 3564 1776 3577 .
1811 3564 1824 3577 .
1870 3513 2093 3600 putris
2140 3512 2225 3579 ab
2257 3515 2492 3580 aestu’.
2541 3514 2578 3578 I
2615 3520 2713 3598 16,
2752 3522 2834 3580 14

487 3620 854 3707 ‘Supplicis
917 3643 957 3685 a
1009 3620 1232 3705 longis
1287 3620 1553 3686 tristior
1617 3618 1921 3685 excubiis
1933 3620 1969 3695 ’,
2036 3642 2169 3704 quo
2223 3619 2372 3685 loco
2426 3619 2711 3686 Hertzb.
2766 3628 2838 3686 et

483 3727 772 3792 Mueller
835 3726 1296 3813 comparativo
1361 3725 1709 3809 commoti,
1772 3727 2087 3792 voculam
2140 3727 2231 3791 ‘a'
2286 3726 2839 3792 interiectionem

467 3833 923 3920 interpretati
967 3839 1145 3898 sunt.
1217 3832 1355 3897 Sed
1401 3855 1528 3919 ego
1575 3840 1856 3921 propter
1903 3855 2050 3897 eam
2079 3834 2295 3919 ipsam
2329 3854 2595 3898 causam
2641 3854 2838 3921 prae-

484 3940 892 4029 positionem
937 3939 1218 4025 agnosci
1263 3939 1510 4022 malim,
1559 3939 1880 4023 quoniam
1924 3940 2091 4004 haec
2121 3939 2516 4005 testimonia
2559 3963 2835 4029 persua-

487 4046 671 4111 dent.
762 4047 870 4109 Pr.
918 4046 1020 4110 IV
1069 4052 1134 4129 1,
1185 4052 1312 4111 126
1379 4046 1642 4109 ‘Murus
1707 4044 1792 4111 ab
1856 4045 2137 4131 ingenio
2200 4046 2427 4112 notior
2489 4046 2605 4111 1110
2668 4047 2835 4113 tuo’.

487 4153 608 4218 Ov.
654 4153 764 4217 Ex
809 4154 882 4218 Ρ.
929 4152 1035 4217 ΠΙ
1083 4158 1148 4235 1,
1198 4158 1276 4217 51
1348 4151 1621 4216 ‘Notior
1675 4202 1688 4215 .
1738 4203 1751 4215 .
1806 4174 1846 4217 a
1908 4150 2215 4217 fulminis
2268 4153 2456 4219 ictu’.
2548 4154 2583 4217 I
2632 4160 2700 4237 2,
2752 4162 2833 4219 54

669 4384 708 4449 1)
747 4381 1080 4449 Heimreich,
1117 4382 1298 4451 Symb.
1337 4380 1478 4451 phil.
1541 4380 1719 4435 Bonn.
1762 4380 1913 4436 1867.
1971 4400 2025 4451 p.
2054 4382 2174 4437 673.
