3092 5117
1449 402 1893 460 —34-

725 571 845 635 ‘Et
890 593 1336 656 quaecunque
1383 594 1588 659 super
1635 571 1939 659 dispersa
1984 571 2331 636 invenerit
2377 593 2525 635 ossa

723 677 1076 743 Montibus
1122 677 1451 761 EtrusciS,
1497 678 1665 742 haec
1712 678 1883 742 sciat
1930 700 2071 743 esse
2117 678 2307 742 mea’.

499 784 620 850 sed
682 785 995 849 voculam
1063 785 1314 871 ‘super'
1379 784 1711 870 intellego
1775 784 2209 849 adverbium:
2287 783 2466 849 oben
2530 781 2657 847 auf
2714 782 2881 847 den

501 891 792 977 Bergen.
886 888 1024 955 cfr.
1071 892 1270 977 Prop.
1318 890 1389 956 H
1439 897 1538 974 13,
1590 874 1680 955 33⁶

726 997 846 1062 ‘Et
891 997 983 1061 sit
1027 997 1103 1060 in
1149 996 1397 1083 exiguo
1443 997 1675 1062 laurus
1722 1019 1924 1083 super
1968 994 2205 1061 addita
2250 994 2495 1063 busto’.

678 1102 994 1187 Denique
1043 1102 1617 1191 praepositionem
1660 1102 1972 1167 videmus
2018 1102 2491 1190 postpositam:
2541 1101 2644 1167 IV
2692 1110 2760 1185 6,
2829 1108 2873 1165 6

503 1209 750 1274 ⁴·eiroa’.
842 1208 950 1272 11]
1000 1216 1102 1291 11,
1152 1216 1252 1274 30.
1322 1209 1423 1274 IV
1473 1216 1529 1292 8,
1581 1216 1681 1273 53.
1758 1209 1868 1274 ΠΙ
1917 1214 1992 1274 11
2048 1216 2149 1274 46.
2226 1209 2262 1272 1
2313 1216 2411 1292 16,
2464 1214 2543 1274 13
2594 1208 2873 1274 ‘int-,ern

502 1315 606 1381 IV
641 1322 694 1399 7,
731 1322 808 1379 25
863 1316 1212 1402 ‘propter’.
1277 1316 1350 1379 Π
1384 1322 1440 1399 8,
1463 1325 1546 1381 24
1597 1316 1811 1381 ‘sine’.
1877 1316 1912 1379 Ι
1946 1323 2046 1399 20,
2082 1323 2161 1380 35
2200 1316 2471 1404 ‘supra'.
2536 1315 2639 1382 IV
2672 1322 2730 1398 6,
2768 1322 2871 1379 29

506 1421 777 1510 ‘super’.
855 1421 955 1486 IV
1006 1430 1061 1506 7,
1111 1429 1192 1486 29
1244 1422 1494 1487 ‘ultra’.
1572 1423 1673 1488 IV
1724 1430 1777 1506 7,
1828 1432 1864 1487 4
1915 1422 2071 1487 ‘ad'.

814 1618 888 1687 Α.
981 1618 1509 1704 Ρηοροεῦῒὶοηοε
1557 1635 1700 1688 cum
1747 1618 2125 1689 accusativo
2172 1618 2572 1688 coniunctae.

689 1747 743 1806 1.
807 1742 938 1807 Ad.

683 1850 747 1935 a)
802 1850 999 1936 Prop.
1049 1848 1150 1915 IV
1198 1857 1254 1932 1,
1307 1856 1387 1915 70
1467 1850 1636 1914 ‘Has
1683 1873 1870 1915 meus
1926 1850 2011 1915 ad
2066 1857 2279 1915 metas
2336 1850 2536 1914 sudet
2582 1854 2874 1935 oportet

508 1956 746 2041 equus⁷
795 1955 836 2018 i.
859 1978 912 2019 e.
946 1978 1031 2020 zu
1063 1994 1148 2003 —
1180 1955 1319 2019 hin.
1385 1955 1522 2020 Cfr.
1557 1956 1636 2020 V.
1672 1956 1869 2021 Geor.
1901 1956 2011 2020 III
2045 1963 2167 2022 202
2220 1957 2332 2021 ‘ad
2361 1956 2517 2021 Elei
2546 1961 2762 2020 metas
2801 2004 2817 2016 .
2854 2004 2868 2015 .

507 2060 800 2126 Sudabit
867 2063 1134 2147 (equus)
1145 2062 1177 2125 '.
1275 2062 1419 2127 Cat.
1479 2070 1544 2146 3,
1596 2071 1679 2129 10
1758 2061 1896 2127 ‘Ad
1960 2063 2168 2128 solam
2234 2063 2578 2128 dominam
2637 2083 2869 2146 usque

505 2168 856 2256 pipiabat’.
939 2174 1038 2252 61,
1089 2176 1215 2233 219
1266 2169 1512 2234 ‘rideat
1558 2170 1645 2234 ad
1691 2171 1996 2257 patrem'.

684 2276 792 2339 Pr.
826 2275 897 2339 Π
931 2282 1032 2367 20,
1070 2282 1150 2340 13
1201 2274 1332 2341 ‘De
1376 2282 1447 2341 te
1495 2277 1949 2361 quodcunque
1995 2276 2081 2341 ad
2128 2276 2364 2341 surdas
2396 2276 2564 2341 mihi
2601 2276 2867 2340 dicitur

507 2381 744 2445 aures'.
812 2379 949 2448 Ofr.
980 2381 1186 2469 Verg.
1218 2383 1388 2448 Aen.
1430 2384 1494 2449 V
1529 2391 1653 2449 547
1708 2388 1802 2448 ‘et
1846 2383 2053 2447 fidam
2098 2384 2196 2448 sic
2240 2382 2428 2448 fatur
2458 2382 2547 2447 ad
2578 2381 2863 2447 aurem'.

504 2484 613 2551 Pr.
645 2486 746 2552 IV
772 2492 868 2571 11,
904 2495 985 2553 83
1021 2487 1268 2574 ‘Atque
1298 2488 1419 2554 ubi
1452 2498 1710 2555 secreto
1742 2497 1975 2555 nostra
2006 2489 2092 2554 ad
2124 2489 2481 2555 simulacra
2509 2488 2861 2574 loqueris’.

506 2592 540 2655 I
578 2599 678 2676 18,
714 2599 795 2658 30
830 2594 1084 2681 ‘Cogor
1113 2596 1201 2660 ad
1231 2605 1512 2682 argutas
1546 2597 1772 2662 dicere
1802 2596 1982 2662 solus
2015 2620 2188 2662 aves,
2256 2595 2392 2661 Cfr.
2426 2596 2571 2661 Tib.
2592 2596 2665 2661 H
2689 2604 2745 2679 1,
2766 2601 2852 2661 31

505 2698 734 2763 “bene
781 2701 1163 2766 Messalam’
1213 2726 1334 2768 sua
1381 2704 1667 2788 quisque
1714 2704 1799 2768 ad
1846 2705 2090 2790 pocula
2136 2704 2364 2768 dicat’.
2451 2704 2595 2768 Cat.
2633 2712 2733 2785 67,
2770 2709 2861 2768 14

508 2805 637 2868 ‘Ad
683 2828 790 2870 me
839 2857 898 2869 ..
949 2808 1288 2874 clamant’.
1382 2810 1501 2875 Ov.
1550 2811 1733 2875 Fast.
1780 2810 1883 2875 VI
1933 2816 2057 2875 120

730 2910 859 2975 ‘Ad
891 2912 1131 2978 duram
1147 2914 1376 2981 verbis
1406 2916 1723 2981 mollibus
1753 2939 1913 2981 usus
1947 2916 2135 2981 erat'.
2169 2917 2249 2982 V.
2269 2915 2440 2981 Aen.
2462 2917 2497 2981 I
2526 2924 2626 2981 64.
2665 2916 2774 2980 IX
2796 2925 2857 2979 5.

687 3017 873 3095 Quae
921 3020 1135 3085 maior
1181 3022 1285 3087 vis
1332 3023 1408 3086 in
1453 3023 1698 3087 vocula
1746 3023 1881 3087 ‘ad’
1930 3024 2147 3087 inesse
2204 3024 2509 3109 putanda
2558 3030 2660 3089 est
2704 3024 2855 3088 loco

505 3123 577 3217 Π
625 3132 726 3208 24,
761 3134 842 3190 25
894 3126 1255 3193 ‘Lernaeas
1300 3137 1566 3215 pugnet
1612 3129 1700 3193 ad
1745 3128 2044 3215 hydras⁷,
2089 3129 2211 3194 ubi
2257 3137 2451 3195 verto
2498 3154 2582 3195 zu
2612 3169 2701 3177 —
2728 3128 2857 3193 hin

508 3230 654 3294 sich
684 3232 1036 3317 wendend,
1084 3234 1480 3321 gegeniiber
1524 3259 1744 3321 neque
1791 3243 1978 3300 recte
2024 3235 2358 3301 iudicasse
2402 3235 2572 3300 mihi
2616 3236 2854 3301 viden-

508 3344 622 3400 tur
668 3332 984 3404 Handius
1033 3341 1092 3423 (I
1126 3344 1238 3424 85)
1289 3349 1357 3406 et
1403 3342 1764 3429 Hertzbg.,
1814 3343 1933 3427 qui
1978 3342 2383 3430 particulam
2421 3342 2603 3408 idem
2650 3350 2853 3427 atque

507 3445 1076 3530 praepositionem
1125 3449 1357 3537 ‘apud’
1406 3449 1794 3535 significare
1840 3448 2158 3515 arbitrati
2204 3457 2380 3514 sunt.

686 3550 1001 3637 Denique
1031 3553 1166 3619 huc
1197 3557 1657 3622 revocandum
1700 3564 1802 3621 est
1834 3557 2281 3640 enuntiatum,
2328 3556 2511 3641 quod
2544 3556 2849 3621 omnibus

509 3656 763 3721 criticis
811 3654 1204 3739 scrupulum
1249 3654 1561 3719 iniecisse
1606 3656 1815 3720 miror
1860 3655 1931 3719 Π
1981 3663 2081 3738 32,
2133 3663 2214 3719 23

731 3763 994 3848 ‘Nuper
1039 3761 1220 3825 enim
1266 3760 1350 3825 de
1396 3769 1466 3826 te
1513 3769 1778 3827 nostras
1823 3785 1931 3827 me
1962 3761 2174 3826 laedit
2206 3762 2293 3827 ad
2324 3784 2518 3826 aures
2549 3762 2845 3827 Rumor’.

507 3872 548 3933 1.
569 3894 622 3935 e.
655 3870 917 3935 Rumor
945 3874 1214 3932 nostras
1262 3868 1348 3932 ad
1387 3891 1583 3933 aures
1613 3868 2018 3955 perveniens
2046 3868 2260 3934 laedit
2290 3892 2412 3933 me.
2469 3870 2645 3933 Nam
2674 3869 2845 3933 idem

507 3977 798 4064 scriptor
826 3997 1053 4040 nonne
1085 3975 1491 4040 sententiam
1511 3975 1759 4040 eadem
1788 3976 2052 4040 ratione
2099 3976 2352 4041 struxit
2391 3999 2486 4041 Vs.
2520 3976 2607 4060 H,
2645 3983 2673 4041 1
2689 3986 2740 4059 7,
2772 3976 2846 4041 6?

509 4083 632 4149 ‘Ut
675 4083 902 4167 liquor
947 4083 1171 4146 arenti
1214 4080 1412 4147 fallat
1457 4081 1541 4147 ab
1591 4105 1705 4147 ore
1752 4082 1979 4147 sitim’.
2027 4082 2069 4147 i.
2105 4105 2158 4147 e.
2204 4083 2430 4167 liquor
2476 4082 2560 4147 ab
2609 4105 2722 4148 ore
2749 4105 2844 4149 re-

507 4189 741 4254 labens
797 4187 994 4254 fallat
1049 4188 1252 4255 sitim.
1349 4188 1654 4254 Verbum
1716 4189 2166 4277 perveniendi
2220 4189 2568 4276 Vergilius
2630 4190 2844 4255 omisit

496 4296 608 4381 ‚VI
643 4302 762 4361 561
805 4295 998 4373 ‘Quis
1031 4302 1264 4361 tantus
1298 4296 1579 4382 clangor
1620 4296 1707 4361 ad
1738 4296 1983 4361 auris‘?’
2033 4319 2255 4381 neque
2303 4296 2505 4361 nimis
2537 4297 2842 4361 audacem

508 4410 920 4468 structuram
967 4402 1314 4468 admisisse
1361 4402 1797 4489 Pr0pertium
1862 4402 2155 4489 probant
2201 4410 2471 4489 praeter
2509 4403 2689 4484 illud
2734 4404 2841 4471 ‘Ut
