3092 5117
1177 382 1621 441 -41-

226 551 455 617 ‘Peior
518 550 604 617 ab
669 552 1029 618 admonitu
1091 552 1174 619 fit
1236 554 1496 619 status’.
1612 553 1721 618 Tr.
1776 554 1849 618 H
1897 561 2021 619 255
2100 553 2421 619 ‘carmine
2486 551 2577 618 ab

223 658 412 723 omni
458 710 471 722 .
520 710 532 722 .
582 659 890 725 doctior’.
981 659 1054 723 H
1104 666 1184 725 28
1234 660 1421 725 ‘Fiat
1467 659 1554 726 ab
1600 656 1894 747 ingenio
1924 660 2192 725 mollior
2234 660 2381 725 ira’.

403 765 722 850 Denique
769 766 1056 831 causalis
1101 766 1294 832 notio
1338 767 1693 833 invenitur
1737 790 1834 833 ve.
1880 766 1983 831 HI
2032 774 2132 850 25,
2183 773 2221 831 6

451 870 758 959 ‘Semper
804 871 888 938 ab
934 872 1220 957 insidiis,
1268 873 1591 960 Cynthia,
1636 872 1801 939 flere
1844 873 2061 939 soles'.

222 976 266 1040 i.
302 1000 354 1042 e.
403 1000 521 1042 aus
551 978 965 1045 Falschheit.
1029 980 1238 1045 Nulla
1280 980 1685 1046 necessitate
1732 987 2020 1067 cogente
2064 977 2411 1045 Baehrens
2459 976 2575 1042 ‘ad

223 1083 532 1149 insidias’
580 1086 868 1172 scripsit.

407 1196 468 1275 c)
523 1192 632 1257 IH
683 1200 737 1276 1,
787 1203 870 1258 24
938 1194 1184 1259 ‘Maius
1240 1194 1324 1258 ab
1381 1194 1683 1278 exequiis
1737 1215 1987 1259 nomen
2042 1193 2119 1258 in
2174 1215 2293 1258 ora
2335 1190 2574 1257 venit'.

224 1297 265 1361 i.
289 1320 341 1363 e.
374 1319 514 1363 von
544 1338 632 1347 --
662 1300 800 1383 her,
831 1300 1023 1366 nach.
1090 1301 1212 1367 Ov.
1245 1300 1355 1365 Tr.
1382 1299 1481 1366 IV
1515 1306 1617 1384 10,
1657 1307 1779 1366 122
1827 1301 2119 1365 ‘Nomen
2152 1299 2237 1365 ab
2271 1298 2577 1384 exequiis

227 1404 414 1488 quod
461 1404 622 1470 dare
667 1404 850 1471 fama
893 1407 1108 1472 solet’.
1200 1407 1312 1471 Ex
1355 1408 1429 1471 P.
1475 1406 1581 1471 HI
1628 1415 1685 1490 4,
1737 1415 1816 1472 73
1874 1406 2170 1494 ‘Scripta
2213 1406 2491 1493 placent
2534 1426 2581 1469 a

220 1511 488 1577 morte’.
579 1513 688 1577 Pr.
736 1512 832 1578 IV
880 1521 946 1596 4,
995 1521 1030 1577 5
1100 1516 1260 1598 ‘quo
1317 1512 1536 1577 dulcis
1591 1512 1677 1578 ab
1734 1521 1927 1579 aestu
1970 1513 2240 1580 Fistula
2292 1518 2579 1600 poturas

224 1617 329 1683 ire
392 1617 676 1685 iubebat
730 1621 932 1687 oves'.
1025 1620 1145 1687 Ov.
1192 1621 1353 1685 Met.
1399 1620 1573 1685 XIV
1622 1628 1747 1685 352
1816 1620 1941 1687 ‘Ut
1993 1620 2289 1707 primum
2341 1618 2577 1684 valido

223 1731 529 1790 mentem
577 1726 854 1812 collegit
900 1726 986 1792 ab
1033 1728 1268 1792 aestu’.
1337 1726 1436 1792 VI
1470 1734 1552 1791 63
1602 1726 1863 1803 ‘Qualis
1910 1726 1995 1791 ab
2041 1726 2261 1793 imbre
2306 1726 2479 1791 solet
2510 1776 2523 1789 .
2558 1776 2575 1789 .

223 1854 423 1896 arcus
467 1832 750 1898 Inficere
796 1884 810 1897 .
858 1884 870 1897 .
919 1834 1224 1898 caelum’.
1300 1834 1397 1899 IV
1447 1840 1572 1899 329
1624 1832 1734 1898 ‘ab
1780 1833 1886 1898 his
1931 1834 2193 1899 tacuit'.
2270 1833 2409 1898 XII
2442 1839 2574 1898 578

225 1937 310 2001 ‘A
358 1961 666 2004 sermone
711 1940 888 2005 senis
936 1991 949 2003 .
998 1991 1010 2003 .
1061 1940 1470 2006 Surrexere’.

409 2044 480 2129 d)
542 2046 753 2133 Apud
797 2048 996 2134 Prop.
1042 2046 1073 2111 I
1125 2054 1223 2131 13,
1273 2056 1357 2112 24

453 2154 622 2218 ‘Nec
667 2154 765 2218 sic
811 2153 1170 2218 caelestem
1212 2152 1508 2239 flagrans
1557 2176 1746 2219 amor
1789 2153 2109 2218 Herculis
2154 2151 2401 2217 Heben

451 2260 682 2325 Sensit
727 2259 812 2325 ab
861 2259 1080 2343 (codd.
1128 2261 1228 2343 in)
1277 2260 1544 2325 Oetaeis
1593 2260 1845 2347 gaudia
1887 2260 2109 2348 prima
2151 2260 2376 2345 iugis'.

220 2366 573 2454 Hauptius
621 2373 691 2431 et
719 2367 1008 2431 Mueller
1049 2366 1459 2431 sententiam
1503 2366 1868 2432 Schraderi
1913 2366 2130 2433 secuti
2174 2389 2299 2453 pro
2340 2366 2577 2452 ‘iugis'

221 2480 630 2561 receperunt
676 2474 884 2559 ‘rogis
896 2474 929 2557 ²,
977 2496 1180 2558 quam
1227 2473 1769 2539 emendationem
1800 2472 1885 2539 ab
1932 2474 2033 2557 118,
2081 2473 2201 2558 qui
2233 2473 2575 2559 corrigere

221 2580 584 2645 studerent
637 2587 910 2667 poetam
953 2580 1204 2667 ipsum,
1258 2580 1635 2668 probatam,
1674 2602 1815 2645 esse
1859 2579 2135 2645 Lachm.
2184 2579 2377 2644 dixit.
2467 2579 2579 2644 Ne

221 2710 332 2752 me
382 2687 660 2772 quidem
705 2687 842 2751 illis
891 2687 1147 2752 criticis
1194 2688 1509 2753 assentiri
1566 2687 1939 2773 quidquam
1985 2686 2197 2772 cogit,
2254 2687 2575 2771 quoniam

220 2794 544 2859 Herculis
607 2794 870 2859 animus
929 2794 1137 2859 Oetae
1200 2794 1364 2880 iuga
1425 2794 1757 2879 relinquit
1814 2794 2050 2859 eodem
2104 2792 2305 2859 modo
2367 2800 2578 2878 atque

223 2900 526 2965 dictator
579 2907 881 2964 aratrum
935 2923 1038 2987 ap.
1087 2901 1207 2966 Ov.
1253 2901 1438 2965 Fast.
1494 2900 1605 2964 HI
1655 2906 1775 2965 781
1856 2900 1975 2965 ‘Et
2032 2907 2304 2987 caperet
2357 2898 2573 2965 fasces

224 3029 263 3071 a
312 3028 524 3073 curvo
572 3007 806 3071 consul
851 3014 1076 3071 aratro
1089 3006 1120 3069 ².
1186 3006 1426 3091 Itaque
1471 3008 1832 3093 scriptores
1868 3007 2161 3094 prosaici
2206 3006 2393 3071 illam
2422 3028 2577 3071 sen-

222 3113 519 3177 tentiam
564 3112 670 3177 his
716 3112 944 3179 verbis
975 3120 1324 3178 notassent
1371 3113 1577 3199 ‘iugis
1623 3113 1880 3178 relictis
1928 3112 2016 3177 H.
2051 3111 2304 3198 gaudia
2350 3112 2583 3200 prima·

230 3220 450 3285 sensit
465 3219 497 3282 ’.
589 3220 954 3284 Praeterea
997 3241 1339 3307 compares
1385 3220 1593 3285 velim
1638 3220 1771 3284 alia
1815 3219 2209 3284 testimonia
2253 3243 2315 3307 p.
2353 3226 2452 3284 39.

405 3326 805 3391 Lectionem
850 3326 974 3390 ‘in'
1033 3326 1358 3391 traditam
1404 3326 1712 3412 Scaliger
1765 3326 2011 3392 vocula
2060 3325 2197 3390 ‘ab’
2254 3347 2577 3413 prospere

226 3432 678 3497 commutavit
737 3454 959 3517 neque
1013 3432 1292 3498 Hertzb.
1351 3433 1595 3499 ceteris
1654 3432 2049 3498 editoribus.
2078 3432 2445 3497 Herculem
2496 3433 2575 3497 in

225 3539 402 3623 Oeta
453 3538 604 3624 ipsa
647 3538 894 3603 Heben
947 3539 1022 3603 in
1075 3539 1585 3604 matrimonium
1632 3539 1903 3605 duxisse
1917 3540 1969 3623 ²)
2024 3540 2375 3626 persuasit.
2466 3539 2577 3604 Ne

223 3644 629 3730 Rossbergii
639 3644 694 3731 1)
759 3645 1150 3710 coniectura
1205 3646 1307 3709 ‘in
1371 3646 1704 3711 aethereis
1758 3646 1967 3731 iugis’
2023 3644 2396 3732 probabilis
2452 3652 2572 3710 est.

224 3752 406 3816 Nam
450 3758 924 3837 praeterquam
970 3751 1154 3837 quod
1198 3753 1540 3818 sententia
1588 3752 1755 3817 duas
1800 3774 2000 3817 voces
2048 3752 2453 3817 ‘caelestem'
2503 3758 2579 3817 et

227 3858 612 3923 ‘aethereis’
669 3859 789 3924 vix
850 3858 1139 3945 patitur,
1202 3867 1407 3946 poeta
1469 3859 1544 3923 id
1610 3859 1829 3945 egisse
1891 3858 2063 3923 mihi
2117 3858 2419 3941 videtur,
2481 3882 2577 3924 116

225 3963 762 4029 illustrissimum
813 3964 987 4029 illud
1040 3966 1417 4051 praemium
1462 3988 1502 4029 a
1546 3966 1814 4052 magnis
1858 3965 2176 4030 Herculis
2227 3964 2576 4031 laboribus

227 4079 588 4159 separaret.

410 4320 452 4387 1)
495 4316 795 4388 Rossberg,
851 4316 1145 4373 Lucubrat.
1201 4319 1288 4375 Pr.
1333 4320 1484 4374 1877.
1561 4316 1712 4376 Stad.
1750 4318 1943 4389 Progr.
1999 4336 2055 4387 p.
2092 4320 2144 4374 9.
2218 4318 2303 4375 Ibi
2350 4320 2579 4375 exstant

226 4405 551 4460 testimonia
586 4406 655 4461 de
691 4405 944 4462 Herculis
982 4407 1254 4463 connubio
1290 4424 1506 4477 graeca.
