3092 5117
483 532 778 597 cativam
824 531 1238 597 sententiam
1282 531 1682 619 plerumque
1734 530 1944 597 habet
1987 532 2231 597 vocula
2276 532 2618 617 ‘namque’
2674 529 2813 619 (cfr

479 637 518 703 Ι
565 646 666 722 20,
709 645 808 703 17.
873 637 946 703 Π
993 643 1231 721 21,12.
1294 636 1404 702 ΠΙ
1438 642 1675 722 13,17.
1726 646 1827 722 20,
1877 644 1977 705 21.
2038 638 2141 703 IV
2177 645 2231 722 1,
2282 645 2391 721 573
2444 643 2623 722 109);
2671 660 2832 704 oau-

481 767 624 809 sam
686 744 814 809 hac
877 744 1214 831 particula
1287 743 1658 809 indicatam
1731 744 1970 811 inveni
2040 745 2115 811 11
2162 753 2271 829 25,
2322 751 2421 811 31.
2500 746 2603 811 IV
2654 752 2721 829 7,
2766 752 2831 810 3.

481 852 612 916 ma
655 850 1161 937 argumentatio
1214 851 1326 916 vel
1381 851 1745 938 explicatio
1800 850 2363 937 interrogationis
2418 852 2619 939 signo
2667 874 2832 918 con-

359 1000 372 1011 .
483 958 756 1044 signata
803 963 906 1022 est

495 1073 499 1077 ’
707 1063 743 1127 Ι
795 1069 900 1147 14,
949 1069 1028 1129 15
1099 1064 1300 1129 ‘Nam
1347 1063 1500 1149 quis
1550 1063 1815 1129 divitiis
1862 1064 2147 1130 adverso
2210 1065 2468 1150 gaudet
2512 1064 2833 1131 Amore‘P’

479 1170 551 1237 Π
597 1179 670 1254 4,
717 1176 816 1235 15.
886 1177 995 1253 13,
1045 1178 1146 1236 45.
1237 1170 1345 1235 m
1415 1177 1478 1253 1,
1528 1178 1630 1235 25.
1721 1170 1823 1236 IV
1871 1177 1936 1254 3,
1986 1178 2087 1235 51.
2204 1171 2313 1236 De
2374 1194 2470 1237 vs.
2519 1172 2557 1237 Ι
2605 1178 2673 1255 3,
2724 1178 2807 1237 37

486 1277 560 1342 Π
608 1284 710 1361 32,
759 1284 796 1341 3
843 1276 955 1342 vd.
1000 1274 1201 1341 infra.
1608 1292 1615 1297 ’
2168 1338 2175 1345 .

672 1390 727 1477 ⁷:
789 1382 901 1448 Ab
947 1382 1052 1447 his
1084 1382 1251 1447 locis
1281 1382 1350 1466 ii,
1398 1381 1645 1467 quibus
1678 1383 1885 1447 ‘nam'
1920 1383 2312 1449 coniunctio
2350 1383 2612 1449 indicat
2642 1405 2839 1470 prae-

491 1490 906 1574 teritionem,
952 1488 1465 1555 internoscendi
1509 1496 1690 1555 sunt.
1765 1489 1867 1555 IV
1915 1499 1971 1574 8,
2020 1496 2103 1555 38

713 1596 971 1662 ‘Serica
1015 1618 1176 1661 nam
1220 1602 1412 1661 taceo
1447 1646 1459 1659 .
1495 1648 1508 1660 .
1558 1603 1883 1683 carpenta
1927 1596 2241 1684 nepotis’.
2322 1604 2378 1680 2,
2426 1603 2505 1662 41

711 1704 912 1769 ‘Nam
956 1702 1125 1788 quid
1171 1724 1298 1788 ego
1347 1702 1652 1787 adiciam,
1700 1702 1786 1768 de
1831 1725 1967 1788 quo
1997 1702 2169 1767 mihi
2198 1703 2493 1767 maxima
2521 1701 2837 1769 famast?’

485 1810 594 1876 ΠΙ
628 1817 730 1893 19,
776 1816 808 1875 1
822 1817 875 1874 7.
954 1809 1152 1887 Quod
1197 1809 1286 1873 ad
1330 1809 1507 1874 hanc
1552 1808 1881 1895 loquendi
1926 1809 2483 1875 consuetudinem
2527 1807 2842 1876 revocari

485 1939 758 1983 necesse
806 1923 923 2000 est,
971 1916 1410 1981 enuntiatum
1452 1915 1563 1980 [H
1611 1922 1642 1980 1
1657 1922 1710 1998 1,
1761 1923 1839 1981 27

714 2024 914 2087 ‘Nam
961 2023 1129 2107 quid
1175 2045 1305 2109 ego
1335 2022 1590 2106 heroas,
1640 2021 1807 2107 quid
1838 2030 2103 2110 raptem
2146 2022 2225 2087 in
2256 2022 2541 2087 crimina
2572 2020 2841 2089 divos?

486 2129 1096 2215 interrogationem
1123 2129 1433 2194 Kuttner
1463 2129 1754 2216 putavit.
1809 2128 1909 2193 At
1938 2135 2415 2217 praeterquam
2446 2128 2630 2214 quod
2660 2128 2845 2193 nihil

487 2236 639 2302 veri
682 2235 828 2300 11110
874 2235 1240 2321 quaeritur,
1289 2234 1478 2300 docti
1521 2234 1747 2299 adhuc
1792 2234 2169 2320 ambigunt,
2215 2242 2449 2301 utrum
2486 2235 2843 2322 Vergilius

489 2341 902 2409 comicorum
931 2363 1187 2407 morem
1220 2340 1492 2407 dicendi
1527 2348 1816 2425 secutus,
1862 2340 2223 2407 formulam
2270 2347 2457 2407 ‘nam
2499 2342 2677 2428 quis’
2711 2362 2843 2429 pro

488 2450 853 2536 ‘quisnam'
911 2456 1087 2514 teste
1134 2449 1376 2515 Servio
1431 2450 1893 2536 usurpaverit,
1950 2472 2040 2514 an
2087 2449 2478 2537 explicandi
2522 2449 2716 2516 notio
2761 2450 2844 2514 in

486 2556 741 2623 causali
787 2554 1270 2621 coniunctione
1317 2562 1602 2622 constet.
1616 2556 1667 2639 1)
1727 2555 1967 2641 Neque
1998 2578 2161 2622 vero
2207 2578 2349 2622 non
2393 2556 2627 2621 mirari
2655 2556 2842 2639 licet,

484 2664 916 2728 Kuttnerum
961 2661 1065 2727 illi
1097 2661 1402 2750 exemplo
1448 2684 1544 2727 vs,
1592 2661 1628 2725 Ι
1662 2669 1719 2746 3,
1753 2669 1833 2728 37
1885 2668 1957 2729 et
2001 2662 2074 2727 H
2106 2670 2209 2745 32,
2244 2670 2281 2727 3
2330 2684 2470 2728 non
2515 2661 2842 2727 adnume-

485 2793 684 2855 rasse,
724 2769 848 2834 ubi
877 2768 1215 2857 particula
1247 2768 1530 2833 causalis
1562 2767 1732 2833 mihi
1762 2768 2041 2853 quidem
2070 2766 2554 2834 difficultatem
2582 2768 2840 2833 attulit.

485 2878 859 2962 Postquam
904 2898 1156 2940 nexum
1202 2875 1462 2940 diutius
1506 2897 1773 2939 mecum
1802 2875 2127 2959 volutavi,
2174 2875 2345 2940 1111111
2381 2875 2700 2963 persuasi,
2747 2898 2843 2939 ne

486 2983 586 3048 ibi
660 2981 937 3067 quidem
997 2981 1605 3067 interrogationem
1668 3004 1708 3045 a
1773 2981 2257 3047 coniunctione
2330 2981 2587 3046 induci.
2680 2981 2841 3069 Ipse

486 3088 735 3161 iudica.

714 3193 1043 3258 ‘Tandem
1088 3201 1160 3259 te
1201 3245 1214 3257 .
1248 3244 1260 3257 .
1308 3193 1564 3258 iniuria
1603 3245 1617 3257 .
1651 3246 1664 3257 .
1713 3194 1991 3259 alterius
2033 3246 2045 3257 .
2080 3244 2094 3258 .
2144 3194 2409 3281 expulit
2454 3218 2492 3259 0
2536 3192 2845 3261 foribus?

712 3301 1024 3385 Namque
1070 3299 1192 3365 ubi
1235 3300 1443 3386 longa
1487 3320 1677 3365 meae
1722 3300 2144 3387 consumpsti
2188 3306 2495 3387 tempora
2518 3301 2765 3372 ,noctis

710 3406 1116 3492 Languidus
1162 3406 1418 3471 exactis
1464 3406 1580 3471 hei
1624 3406 1795 3471 mihi
1840 3405 2239 3471 sideribusP’

488 3514 530 3578 i.
563 3536 617 3579 0.
665 3534 822 3577 nam
866 3520 938 3577 te
987 3535 1023 3577 e
1070 3512 1350 3577 alterius
1395 3510 1660 3578 foribus
1708 3512 2063 3600 expquum
2108 3535 2251 3579 0880
2289 3512 2451 3578 111ᾶο
2483 3535 2843 3600 0081108οο,

489 3619 673 3705 (111οᾶ
717 3619 1085 3705 languidus
1129 3642 1314 3683 nunc
1347 3619 1622 3684 demum
1666 3618 1755 3684 ad
1790 3641 1900 3685 me
1931 3620 2201 3686 venisti.
2266 3618 2457 3686 ‘Ubi’
2488 3628 2685 3686 verto
2730 3642 2841 3686 wo

489 3735 694 3794 sonst.
770 3726 971 3792 Alter
1024 3727 1212 3793 locus
1267 3733 1370 3792 est
1425 3725 1622 3793 ‘facti
1675 3727 1937 3793 lumina
1991 3727 2249 3793 crimen
2294 3726 2571 3793 habent.
2661 3726 2845 3793 Nam

490 3833 660 3920 quid
704 3833 1064 3898 Praenesti
1109 3886 1123 3898 .
1166 3884 1179 3897 .
1227 3840 1469 3917 sortes,
1536 3833 1720 3911 Quid
1783 3834 1961 3921 petis
2011 3884 2025 3897 .
2067 3884 2079 3897 .
2126 3832 2398 3899 moenia
2442 3831 2857 3919 Telegoni?’'

489 3940 530 4004 1.
563 3963 616 4005 0.
662 3961 821 4003 nam
867 3938 1003 4003 nisi
1049 3939 1138 4003 ad
1182 3939 1318 4004 ista
1360 3940 1510 4006 loca
1554 3947 1627 4005 te
1674 3938 2030 4024 conferres,
2076 3961 2274 4005 nemo
2314 3946 2386 4005 te
2418 3939 2847 4027 conspiceret

489 4068 715 4131 neque
761 4045 849 4110 ad
894 4045 1319 4134 peccandum
1364 4046 1763 4113 sollicitaret
1809 4051 1929 4130 (vs.
1966 4050 2051 4129 1).

669 4151 845 4216 Inde
874 4152 1272 4239 Propertius
1303 4153 1538 4241 pergit
1583 4153 1759 4219 ‘Hoc
1804 4154 2071 4219 utinam
2098 4152 2391 4240 spatiere
2429 4151 2577 4219 loco
2611 4203 2624 4218 .
2658 4200 2671 4217 .
2718 4152 2844 4218 sed

671 4382 712 4453 1)
749 4382 915 4453 Verg.
937 4380 1100 4437 Geor.
1124 4381 1201 4437 IV
1225 4382 1348 4437 445.
1385 4382 1522 4437 Aen.
1550 4382 1601 4437 11
1627 4382 1748 4437 373.
1796 4381 1905 4441 Ost.
1924 4380 2146 4453 Forbig.
2172 4382 2246 4437 ad
2268 4382 2322 4437 h.
2343 4382 2379 4437 1.
2406 4381 2607 4452 Draeg.
2633 4382 2685 4437 H
2711 4380 2839 4441 160.
