3092 5117
1438 335 1841 394 ...8.-

408 501 760 588 exhibent,
822 504 1319 592 praetermissis
1377 527 1488 571 eos
1533 506 1743 589 locos,
1808 505 1929 571 ubi
1976 507 2157 572 ‘nec’
2206 507 2438 574 tertia·
2462 531 2599 575 vox
2651 509 2764 573 in-

406 609 703 694 venitur,
749 610 825 675 in
867 610 1577 699 mediumproferam.
1636 612 1746 677 HI
1780 617 1879 696 10,
1932 619 2040 695 103
2092 622 2194 693 22,
2242 620 2345 681 28.
2406 614 2510 681 IV
2558 622 2614 699 5,
2650 620 2756 687 55‘.

408 712 546 780 Ofr.
593 715 746 781 Tib.
792 716 830 781 I
878 724 936 801 8,
985 724 1042 785 4.
1115 719 1370 805 Paneg.
1424 725 1570 787 200.
1649 718 1845 786 Ovid.
1890 718 2045 785 Am.
2076 721 2185 785 [H
2235 726 2335 804 12,
2384 729 2495 804 423
2547 730 2603 806 9,
2652 730 2763 787 42.

405 822 570 890 Her.
615 823 832 889 XVII
881 830 1026 890 212.
1118 824 1322 889 Trist-
1356 826 1459 891 IV
1509 833 1569 911 2,
1619 833 1720 891 62.
1810 827 1885 892 H
1931 832 2087 909 414;
2139 835 2287 895 466.
2375 827 2487 893 Ex
2531 829 2767 894 Ponto

405 930 514 995 IH
563 938 621 1015 3,
671 936 826 1014 104;
877 938 932 1015 3,
980 940 1083 998 42.
1144 931 1247 998 IV
1297 938 1396 1017 10,
1449 940 1559 1015 70;
1611 939 1711 1017 14,
1749 941 1849 999 34.
1897 941 2009 1016 40;
2056 935 2264 1021 Verg.
2295 935 2466 1003 Aen.
2497 935 2570 1000 H
2606 942 2763 1001 159..

583 1038 668 1103 In
716 1045 1036 1123 quartum
1079 1039 1306 1105 10011111
1349 1039 1688 1127 particula
1731 1048 1994 1107 remota
2042 1048 2169 1107 est:
2226 1043 2425 1131 Prop.
2472 1043 2545 1107 H
2593 1050 2649 1127 6,
2698 1050 2756 1111 3.

404 1145 508 1212 IV
557 1151 658 1230 11,
708 1152 812 1211 94.
901 1144 1041 1211 cfr.
1090 1146 1212 1213 Ov.
1256 1146 1420 1211 Her.
1467 1146 1683 1213 XVII
1731 1155 1788 1214 6.
1878 1147 2083 1215 Trist.
2130 1148 2242 1215 HI
2290 1154 2391 1233 13,
2441 1157 2542 1215 24.

591 1258 691 1321 12.
754 1253 948 1319 ‘Nec’
995 1254 1373 1341 particulae
1418 1253 1518 1319 ita
1565 1260 1948 1342 usurpatae,
1994 1262 2076 1321 ut
2120 1256 2397 1342 negatio
2430 1255 2519 1322 ad
2546 1278 2765 1327 unam.

405 1360 763 1426 notionem
792 1360 1157 1447 pertineat,
1202 1358 1370 1426 haec
1412 1361 1811 1449 Propertius
1856 1360 2065 1429 habet
2112 1363 2435 1450 exempla.

585 1466 623 1531 I
670 1475 781 1550 20,
834 1472 915 1531 14
981 1466 1152 1533 ‘Nec
1214 1466 1348 1533 tibi
1413 1468 1504 1533 sit
1552 1520 1566 1535 .
1613 1520 1627 1535 .
1704 1475 1969 1535 montes
2036 1475 2107 1535 et
2158 1467 2418 1555 frigida
2472 1492 2633 1538 saxa
2678 1520 2693 1535 .
2740 1487 2767 1535 ..·

407 1595 630 1660 neque
678 1579 992 1660 expertos
1041 1624 1056 1638 .
1088 1626 1103 1639 .
1151 1574 1341 1638 adire
1387 1574 1622 1642 lacus’.
1666 1574 1710 1641 1.
1744 1598 1797 1642 0.
1846 1582 1915 1641 et
1960 1597 2103 1642 non
2150 1583 2482 1663 expertos.

585 1680 696 1745 IH
744 1687 854 1763 25,
906 1685 988 1744 10
1054 1679 1354 1747 ‘Limina
1407 1680 1544 1746 iam
1588 1682 1871 1747 valeant
1917 1732 1931 1745 .
1980 1732 1995 1746 .
2086 1681 2230 1747 Nec
2284 1688 2519 1747 tamen
2580 1682 2759 1747 irata

407 1785 611 1851 ianua
639 1784 862 1852 fracta
891 1788 1145 1852 manu’.
1194 1787 1236 1853 i.
1270 1811 1322 1855 e.
1357 1794 1426 1853 et
1455 1788 1663 1853 ianua
1691 1810 1833 1853 non
1861 1787 2101 1873 fracta,
2142 1811 2553 1875 quamquam
2582 1790 2759 1856 irata

407 1901 556 1960 erat
599 1916 857 1959 manus.

583 2000 686 2067 IV
721 2011 778 2079 7,
814 2007 895 2067 13
945 2001 1230 2067 ‘Perfide
1275 2024 1404 2067 nec
1449 2002 1771 2089 cuiquam
1812 2002 2053 2069 melior
2090 2004 2425 2091 sperande
2455 2002 2768 2091 puellae’..

584 2108 688 2175 IV
735 2116 793 2192 3,
843 2114 953 2191 153
1005 2114 1060 2193 7,
1111 2116 1211 2174 66.
1303 2108 1376 2173 Π
1424 2117 1481 2193 3,
1531 2117 1598 2192 6;
1648 2117 1749 2195 26,
1798 2116 1909 2192 533
1959 2116 2060 2187 28,
2102 2118 2211 2177 52.
2276 2110 2313 2175 I
2362 2116 2464 2195 10,
2516 2116 2615 2177 18.

592 2220 694 2281 13.
769 2215 1009 2300 Neque
1053 2216 1344 2281 Horatio
1368 2214 1412 2299 ¹)
1477 2217 1723 2301 solum,
1789 2215 1909 2282 sed
1954 2215 2165 2283 etiam
2219 2216 2466 2283 Ovidio
2534 2215 2767 2300 (Trist.

405 2322 480 2387 11
528 2329 678 2389 495.
752 2322 881 2387 Ex
925 2324 1148 2387 Ponto
1193 2321 1296 2388 IV
1347 2328 1457 2407 13,
1507 2324 1574 2410 5)
1632 2322 2185 2389 coniunctionem
2243 2323 2418 2388 ‘nec’
2474 2345 2600 2410 pro
2647 2325 2771 2387 ‘ne

411 2429 710 2515 quidem’
769 2436 1119 2517 acceptam
1174 2429 1330 2495 usui
1382 2427 1595 2496 fuisse
1639 2428 2059 2496 Ribbeckius
2072 2430 2123 2513 2)
2177 2430 2473 2496 monuit.
2556 2419 2769 2496 Notis.

411 2536 736 2624 exemplis
783 2535 1037 2601 addere
1081 2536 1296 2603 iuvat.
1387 2535 1534 2603 Tib.
1582 2535 1619 2600 I
1642 2526 1645 2529 ⁴
1666 2542 1724 2619 8,
1774 2543 1854 2602 57
2594 2560 2597 2562 ’

623 2643 833 2710 ‘Nota
877 2644 1110 2709 Venus
1155 2641 1420 2710 furtiva
1463 2644 1636 2709 mihi
1682 2650 1799 2727 est,
1847 2651 1928 2709 ut
1972 2643 2145 2709 lenis
2192 2651 2439 2730 agatur
2496 2707 2504 2713 ,

776 2750 1091 2839 SpirituS,
1136 2758 1218 2816 ut
1263 2774 1392 2816 nec
1439 2751 1609 2817 dent
1656 2751 1883 2816 oscula
1928 2758 2126 2839 rapta
2170 2751 2453 2817 sonum'.
2526 2808 2529 2811 ,

587 2858 710 2925 Ov.
755 2858 918 2923 Met.
965 2858 1096 2923 XI.
1127 2864 1252 2924 471
1306 2858 1496 2924 ‘Vela
1540 2864 1773 2923 tamen
1819 2849 2082 2945 spectat
2130 2908 2143 2923 .
2178 2910 2192 2923 .
2284 2859 2384 2925 Ut
2430 2880 2557 2923 nec
2591 2858 2767 2925 vela.

408 2964 620 3048 videt,
666 2986 960 3031 vacuum
1004 2964 1182 3051 petit
1229 3016 1243 3028 .
1293 3018 1306 3032 .
1351 2965 1650 3031 lectum'.

586 3072 750 3135 Her.
781 3071 959 3135 XVI
989 3078 1118 3136 233
1152 3072 1332 3136 ‘Tale
1363 3071 1541 3135 nihil
1571 3072 1797 3138 timeo,
1848 3071 1986 3137 Sed
2016 3094 2143 3137 nec
2161 3071 2403 3140 Medea
2433 3070 2768 3139 timebat'..

585 3178 696 3244 Ex
741 3178 966 3242 Ponto
1012 3177 1115 3243 IV
1163 3184 1220 3262 8,
1272 3184 1377 3243 79.
1420 3178 1605 3245 Met.
1655 3179 1758 3243 IV
1808 3183 1952 3243 153.
2018 3179 2205 3246 Fast.
2252 3179 2355 3244 VI
2404 3186 2557 3261 167;
2608 3185 2755 3243 298.

408 3283 658 3351 Juven.
703 3284 814 3349 XI
864 3294 919 3351 7.
987 3283 1174 3350 XIII
1221 3290 1366 3350 211.
1439 3285 1566 3350 IH.
1616 3293 1719 3351 90.
1787 3285 1859 3349 H
1910 3292 2055 3351 152.
2159 3286 2361 3353 Mart.
2406 3286 2479 3349 H
2529 3293 2639 3369 63,
2690 3290 2767 3367 1;.

412 3398 514 3475 75,
563 3399 628 3472 43
679 3398 780 3475 34,
829 3400 895 3473 4;
947 3398 1002 3455 6.

587 3498 686 3563 Ut
730 3498 950 3584 igitur
979 3498 1310 3563 Horatius
1341 3499 1508 3582 1000,
1559 3521 1761 3583 quem
1801 3520 2007 3585 supra
2052 3497 2397 3586 adscripsi,
2444 3500 2757 3567 voculam

410 3605 588 3669 ‘nec'
637 3605 839 3670 initio
887 3606 1231 3671 enuntiati
1274 3606 1505 3693 posuit
1562 3609 1740 3689 (‘nec
1785 3628 1971 3671 1111110
2018 3658 2037 3676 ,
2091 3656 2104 3670 .
2160 3604 2593 3692 Accedam?),
2658 3608 2759 3673 ita

408 3712 586 3776 hanc
617 3712 761 3777 vim
804 3713 1198 3799 particulae,
1245 3713 1305 3777 si
1350 3713 1845 3800 cogitationem
1891 3714 2273 3779 accuratius
2312 3713 2594 3779 reddere
2643 3736 2767 3778 cu-

407 3818 725 3901 rabimUS,
771 3818 886 3884 his'
905 3820 1271 3907 ‘Propertii
1313 3820 1480 3885 locis
1527 3819 1933 3885 tribuemus:
1980 3821 2053 3884 H
2103 3828 2203 3904 29,
2253 3828 2335 3885 26

624 3926 996 4014 ‘Obstipui1
1044 3948 1185 3992 non
1230 3927 1348 3991 illa
1393 3927 1567 3993 mihi
1612 3926 1972 3993 formosior
2016 3950 2320 4013 unquam

452 4092 456 4095 ,
585 4034 752 4100 Visa
797 4056 1022 4119 neque
1069 4034 1328 4099 ostrina
1377 4056 1531 4097 011111
1575 4032 1713 4099 fuit
1758 4034 1833 4099 in
1877 4034 2147 4099 tunica’.
2237 4033 2361 4118 IH,
2414 4041 2513 4118 14,
2564 4042 2677 4100 30-

588 4285 628 4353 1)
669 4282 782 4336 Sat.
820 4283 873 4335 II
909 4282 959 4348 3,
998 4283 1120 4336 262.
1197 4282 1302 4336 Ofr.
1343 4281 1547 4349 Keller,
1584 4280 1805 4351 Epileg.
1845 4280 2035 4335 Horat.
2074 4299 2129 4350 p.
2169 4283 2290 4336 551.

586 4372 628 4443 ²)
665 4370 934 4438 Ribbeck,
971 4370 1232 4441 Beitrage
1271 4389 1366 4424 zur
1402 4370 1579 4425 Iehre
1616 4389 1726 4425 von
1764 4371 1815 4423 d.
1855 4371 1952 4425 lat.
1992 4370 2205 4425 Partik.
2262 4389 2317 4440 p.
2356 4372 2442 4426 25.
