<?xml version="1.0" encoding="UTF-8"?>
<!DOCTYPE html PUBLIC "-//W3C//DTD XHTML 1.0 Transitional//EN"
    "http://www.w3.org/TR/xhtml1/DTD/xhtml1-transitional.dtd">
<html xmlns="http://www.w3.org/1999/xhtml" xml:lang="en" lang="en">
 <head>
  <title>
</title>
<meta http-equiv="Content-Type" content="text/html;charset=utf-8" />
  <meta name='ocr-system' content='tesseract 3.04.00' />
  <meta name='ocr-capabilities' content='ocr_page ocr_carea ocr_par ocr_line ocrx_word'/>
</head>
<body>
  <div class='ocr_page' id='page_1' title='image "./desermoneproper02spangoog_0051.png"; bbox 0 0 3092 5117; ppageno 0'>
   <div class='ocr_carea' id='block_1_1' title="bbox 1171 396 1612 453">
    <p class='ocr_par' dir='ltr' id='par_1_1' title="bbox 1171 396 1612 453">
     <span class='ocr_line' id='line_1_1' title="bbox 1171 396 1612 453; baseline 0.009 -18"><span class='ocrx_word' id='word_1_1' title='bbox 1171 396 1612 453; x_wconf 75' lang='lat'>—45-...</span> 
     </span>
    </p>
   </div>
   <div class='ocr_carea' id='block_1_2' title="bbox 201 562 2569 4493">
    <p class='ocr_par' dir='ltr' id='par_1_2' title="bbox 201 562 2568 1164">
     <span class='ocr_line' id='line_1_2' title="bbox 204 562 2565 653; baseline 0.001 -25"><span class='ocrx_word' id='word_1_2' title='bbox 204 562 368 647; x_wconf 84' lang='lat' dir='ltr'><strong>ubi,</strong></span> <span class='ocrx_word' id='word_1_3' title='bbox 435 564 757 649; x_wconf 86' lang='lat' dir='ltr'><strong>quoniam</strong></span> <span class='ocrx_word' id='word_1_4' title='bbox 804 564 1172 631; x_wconf 87' lang='lat' dir='ltr'><strong>verisimile</strong></span> <span class='ocrx_word' id='word_1_5' title='bbox 1229 572 1332 631; x_wconf 85' lang='lat' dir='ltr'><strong>est</strong></span> <span class='ocrx_word' id='word_1_6' title='bbox 1386 573 1657 653; x_wconf 86' lang='lat' dir='ltr'><strong>poetam</strong></span> <span class='ocrx_word' id='word_1_7' title='bbox 1711 565 2054 631; x_wconf 89' lang='lat' dir='ltr'><strong>imitatum</strong></span> <span class='ocrx_word' id='word_1_8' title='bbox 2118 588 2261 632; x_wconf 85' lang='lat' dir='ltr'><strong>esse</strong></span> <span class='ocrx_word' id='word_1_9' title='bbox 2304 564 2565 653; x_wconf 87' lang='lat' dir='ltr'><strong>Vergil.</strong></span> 
     </span>
     <span class='ocr_line' id='line_1_3' title="bbox 211 670 690 737; baseline 0.002 -2"><span class='ocrx_word' id='word_1_10' title='bbox 211 692 320 735; x_wconf 85' lang='lat' dir='ltr'><strong>vs.</strong></span> <span class='ocrx_word' id='word_1_11' title='bbox 353 670 517 737; x_wconf 89' lang='lat' dir='ltr'><strong>VIII</strong></span> <span class='ocrx_word' id='word_1_12' title='bbox 563 678 690 736; x_wconf 89' lang='lat'><strong>680</strong></span> 
     </span>
     <span class='ocr_line' id='line_1_4' title="bbox 444 777 2503 868; baseline 0.001 -25"><span class='ocrx_word' id='word_1_13' title='bbox 444 777 674 845; x_wconf 85' lang='lat' dir='ltr'><strong>‘Stans</strong></span> <span class='ocrx_word' id='word_1_14' title='bbox 721 778 898 843; x_wconf 85' lang='lat' dir='ltr'><strong>celsa</strong></span> <span class='ocrx_word' id='word_1_15' title='bbox 943 778 1018 843; x_wconf 87' lang='lat' dir='ltr'><strong>in</strong></span> <span class='ocrx_word' id='word_1_16' title='bbox 1062 778 1294 865; x_wconf 84' lang='lat' dir='ltr'><strong>puppi,</strong></span> <span class='ocrx_word' id='word_1_17' title='bbox 1341 780 1647 865; x_wconf 86' lang='lat' dir='ltr'><strong>geminas</strong></span> <span class='ocrx_word' id='word_1_18' title='bbox 1694 780 1806 845; x_wconf 87' lang='grc'>6111</span> <span class='ocrx_word' id='word_1_19' title='bbox 1849 788 2157 868; x_wconf 87' lang='lat' dir='ltr'><strong>tempora</strong></span> <span class='ocrx_word' id='word_1_20' title='bbox 2201 780 2503 847; x_wconf 85' lang='lat' dir='ltr'><strong>flammas</strong></span> 
     </span>
     <span class='ocr_line' id='line_1_5' title="bbox 441 884 2401 973; baseline 0.001 -24"><span class='ocrx_word' id='word_1_21' title='bbox 441 884 659 950; x_wconf 88' lang='lat' dir='ltr'><strong>Laeta</strong></span> <span class='ocrx_word' id='word_1_22' title='bbox 701 892 991 950; x_wconf 84' lang='lat' dir='ltr'><strong>vomunt</strong></span> <span class='ocrx_word' id='word_1_23' title='bbox 1034 884 1468 971; x_wconf 87' lang='lat' dir='ltr'><strong>patriumque</strong></span> <span class='ocrx_word' id='word_1_24' title='bbox 1516 886 1823 973; x_wconf 89' lang='lat' dir='ltr'><strong>aperitur</strong></span> <span class='ocrx_word' id='word_1_25' title='bbox 1865 888 2125 951; x_wconf 86' lang='lat' dir='ltr'><strong>vertice</strong></span> <span class='ocrx_word' id='word_1_26' title='bbox 2171 886 2401 952; x_wconf 87' lang='lat' dir='ltr'><strong>sidus’.</strong></span> 
     </span>
     <span class='ocr_line' id='line_1_6' title="bbox 201 988 2568 1080; baseline 0.002 -25"><span class='ocrx_word' id='word_1_27' title='bbox 201 989 334 1055; x_wconf 77' lang='lat' dir='ltr'><strong>via</strong></span> <span class='ocrx_word' id='word_1_28' title='bbox 378 988 688 1057; x_wconf 86' lang='lat' dir='ltr'><strong>flammae</strong></span> <span class='ocrx_word' id='word_1_29' title='bbox 732 991 806 1057; x_wconf 89' lang='lat' dir='ltr'><strong>in</strong></span> <span class='ocrx_word' id='word_1_30' title='bbox 852 990 1199 1076; x_wconf 78' lang='lat' dir='ltr'><strong>obliquam</strong></span> <span class='ocrx_word' id='word_1_31' title='bbox 1243 991 1462 1057; x_wconf 83' lang='lat' dir='ltr'><strong>facem</strong></span> <span class='ocrx_word' id='word_1_32' title='bbox 1492 999 1601 1057; x_wconf 86' lang='lat' dir='ltr'><strong>ter</strong></span> <span class='ocrx_word' id='word_1_33' title='bbox 1646 993 1956 1058; x_wconf 73' lang='lat' dir='ltr'><strong>sinuatae</strong></span> <span class='ocrx_word' id='word_1_34' title='bbox 1991 993 2189 1059; x_wconf 89' lang='lat' dir='ltr'><strong>lineis</strong></span> <span class='ocrx_word' id='word_1_35' title='bbox 2235 994 2568 1080; x_wconf 83' lang='lat' dir='ltr'><strong>trianguli</strong></span> 
     </span>
     <span class='ocr_line' id='line_1_7' title="bbox 207 1096 1071 1164; baseline 0.001 -3"><span class='ocrx_word' id='word_1_36' title='bbox 207 1096 519 1163; x_wconf 76' lang='lat' dir='ltr'><strong>describi</strong></span> <span class='ocrx_word' id='word_1_37' title='bbox 562 1098 732 1163; x_wconf 89' lang='lat' dir='ltr'><strong>mihi</strong></span> <span class='ocrx_word' id='word_1_38' title='bbox 777 1098 1071 1164; x_wconf 84' lang='lat' dir='ltr'><strong>videtur.</strong></span> 
     </span>
    </p>

    <p class='ocr_par' dir='ltr' id='par_1_3' title="bbox 207 1204 2565 1505">
     <span class='ocr_line' id='line_1_8' title="bbox 399 1204 2565 1293; baseline 0.001 -24"><span class='ocrx_word' id='word_1_39' title='bbox 399 1205 508 1269; x_wconf 89' lang='lat' dir='ltr'><strong>Pr.</strong></span> <span class='ocrx_word' id='word_1_40' title='bbox 556 1204 651 1270; x_wconf 94' lang='lat' dir='ltr'><strong>IV</strong></span> <span class='ocrx_word' id='word_1_41' title='bbox 700 1212 766 1288; x_wconf 84' lang='lat'><strong>3,</strong></span> <span class='ocrx_word' id='word_1_42' title='bbox 815 1212 897 1270; x_wconf 84' lang='lat'><strong>48</strong></span> <span class='ocrx_word' id='word_1_43' title='bbox 956 1205 1056 1269; x_wconf 91' lang='lat' dir='ltr'><strong>‘in</strong></span> <span class='ocrx_word' id='word_1_44' title='bbox 1103 1205 1391 1291; x_wconf 82' lang='lat' dir='ltr'><strong>glaciem</strong></span> <span class='ocrx_word' id='word_1_45' title='bbox 1436 1204 1696 1291; x_wconf 84' lang='lat' dir='ltr'><strong>frigore</strong></span> <span class='ocrx_word' id='word_1_46' title='bbox 1751 1206 1969 1271; x_wconf 88' lang='lat' dir='ltr'><strong>nectit</strong></span> <span class='ocrx_word' id='word_1_47' title='bbox 2014 1207 2267 1291; x_wconf 85' lang='lat' dir='ltr'><strong>aquas&#39;.</strong></span> <span class='ocrx_word' id='word_1_48' title='bbox 2358 1205 2565 1293; x_wconf 90' lang='lat' dir='ltr'><strong>Verg.</strong></span> 
     </span>
     <span class='ocr_line' id='line_1_9' title="bbox 207 1309 2565 1397; baseline 0.001 -22"><span class='ocrx_word' id='word_1_49' title='bbox 207 1309 384 1377; x_wconf 63' lang='lat' dir='ltr'><strong>Gneo.</strong></span> <span class='ocrx_word' id='word_1_50' title='bbox 430 1310 528 1377; x_wconf 93' lang='lat' dir='ltr'><strong>III</strong></span> <span class='ocrx_word' id='word_1_51' title='bbox 575 1318 702 1377; x_wconf 86' lang='lat'><strong>365</strong></span> <span class='ocrx_word' id='word_1_52' title='bbox 760 1311 861 1377; x_wconf 89' lang='lat' dir='ltr'><strong>‘in</strong></span> <span class='ocrx_word' id='word_1_53' title='bbox 912 1311 1201 1397; x_wconf 77' lang='lat' dir='ltr'><strong>glaciem</strong></span> <span class='ocrx_word' id='word_1_54' title='bbox 1246 1318 1515 1377; x_wconf 86' lang='lat' dir='ltr'><strong>vertere</strong></span> <span class='ocrx_word' id='word_1_55' title='bbox 1560 1312 1887 1377; x_wconf 82' lang='lat' dir='ltr'><strong>lacunae&#39;.</strong></span> <span class='ocrx_word' id='word_1_56' title='bbox 1980 1312 2127 1379; x_wconf 81' lang='lat' dir='ltr'><strong>Tib.</strong></span> <span class='ocrx_word' id='word_1_57' title='bbox 2175 1312 2272 1378; x_wconf 91' lang='lat' dir='ltr'><strong>IV</strong></span> <span class='ocrx_word' id='word_1_58' title='bbox 2324 1319 2387 1397; x_wconf 85' lang='lat'><strong>1,</strong></span> <span class='ocrx_word' id='word_1_59' title='bbox 2438 1319 2565 1378; x_wconf 87' lang='lat'><strong>156</strong></span> 
     </span>
     <span class='ocr_line' id='line_1_10' title="bbox 209 1416 1480 1505; baseline 0 -22"><span class='ocrx_word' id='word_1_60' title='bbox 209 1416 434 1483; x_wconf 82' lang='lat' dir='ltr'><strong>‘unda</strong></span> <span class='ocrx_word' id='word_1_61' title='bbox 479 1417 660 1503; x_wconf 85' lang='lat' dir='ltr'><strong>riget</strong></span> <span class='ocrx_word' id='word_1_62' title='bbox 706 1417 983 1484; x_wconf 86' lang='lat' dir='ltr'><strong>densam</strong></span> <span class='ocrx_word' id='word_1_63' title='bbox 1027 1418 1102 1483; x_wconf 94' lang='lat' dir='ltr'><strong>in</strong></span> <span class='ocrx_word' id='word_1_64' title='bbox 1147 1418 1480 1505; x_wconf 59' lang='lat' dir='ltr'><strong>glaciem-⁷.</strong></span> 
     </span>
    </p>

    <p class='ocr_par' dir='ltr' id='par_1_4' title="bbox 209 1524 2569 2146">
     <span class='ocr_line' id='line_1_11' title="bbox 401 1524 2564 1613; baseline 0.001 -24"><span class='ocrx_word' id='word_1_65' title='bbox 401 1527 464 1607; x_wconf 90' lang='lat' dir='ltr'><strong>c)</strong></span> <span class='ocrx_word' id='word_1_66' title='bbox 536 1524 664 1589; x_wconf 90' lang='lat' dir='ltr'><strong>‘In’</strong></span> <span class='ocrx_word' id='word_1_67' title='bbox 729 1524 1140 1612; x_wconf 86' lang='lat' dir='ltr'><strong>praepositio</strong></span> <span class='ocrx_word' id='word_1_68' title='bbox 1205 1526 1575 1591; x_wconf 70' lang='lat' dir='ltr'><strong>intercedit</strong></span> <span class='ocrx_word' id='word_1_69' title='bbox 1637 1526 1818 1591; x_wconf 88' lang='lat' dir='ltr'><strong>inter</strong></span> <span class='ocrx_word' id='word_1_70' title='bbox 1880 1548 2199 1613; x_wconf 87' lang='lat' dir='ltr'><strong>personas</strong></span> <span class='ocrx_word' id='word_1_71' title='bbox 2263 1527 2378 1592; x_wconf 87' lang='lat' dir='ltr'><strong>vel</strong></span> <span class='ocrx_word' id='word_1_72' title='bbox 2439 1550 2564 1610; x_wconf 85' lang='lat' dir='ltr'><strong>res,</strong></span> 
     </span>
     <span class='ocr_line' id='line_1_12' title="bbox 209 1631 2565 1719; baseline 0.001 -24"><span class='ocrx_word' id='word_1_73' title='bbox 209 1652 509 1716; x_wconf 86' lang='lat' dir='ltr'><strong>quarum</strong></span> <span class='ocrx_word' id='word_1_74' title='bbox 573 1631 786 1697; x_wconf 87' lang='lat' dir='ltr'><strong>altera</strong></span> <span class='ocrx_word' id='word_1_75' title='bbox 847 1632 1128 1697; x_wconf 87' lang='lat' dir='ltr'><strong>alterius</strong></span> <span class='ocrx_word' id='word_1_76' title='bbox 1201 1632 1469 1697; x_wconf 87' lang='lat' dir='ltr'><strong>actione</strong></span> <span class='ocrx_word' id='word_1_77' title='bbox 1544 1632 1691 1699; x_wconf 86' lang='lat' dir='ltr'><strong>sive</strong></span> <span class='ocrx_word' id='word_1_78' title='bbox 1754 1633 2149 1699; x_wconf 88' lang='lat' dir='ltr'><strong>conditione</strong></span> <span class='ocrx_word' id='word_1_79' title='bbox 2226 1632 2565 1719; x_wconf 90' lang='lat' dir='ltr'><strong>tangitur:</strong></span> 
     </span>
     <span class='ocr_line' id='line_1_13' title="bbox 211 1737 2567 1824; baseline 0 -21"><span class='ocrx_word' id='word_1_80' title='bbox 211 1737 282 1803; x_wconf 90' lang='lat' dir='ltr'><strong>II</strong></span> <span class='ocrx_word' id='word_1_81' title='bbox 333 1745 433 1822; x_wconf 92' lang='lat'><strong>22,</strong></span> <span class='ocrx_word' id='word_1_82' title='bbox 486 1744 564 1803; x_wconf 87' lang='lat'><strong>13</strong></span> <span class='ocrx_word' id='word_1_83' title='bbox 595 1741 760 1803; x_wconf 85' lang='lat' dir='ltr'><strong>&#39;‘cur</strong></span> <span class='ocrx_word' id='word_1_84' title='bbox 805 1738 934 1803; x_wconf 91' lang='lat' dir='ltr'><strong>sim</strong></span> <span class='ocrx_word' id='word_1_85' title='bbox 973 1746 1120 1804; x_wconf 63' lang='lat' dir='ltr'><strong>‘tam</strong></span> <span class='ocrx_word' id='word_1_86' title='bbox 1155 1739 1378 1804; x_wconf 84' lang='lat' dir='ltr'><strong>mollis</strong></span> <span class='ocrx_word' id='word_1_87' title='bbox 1424 1740 1499 1804; x_wconf 92' lang='lat' dir='ltr'><strong>in</strong></span> <span class='ocrx_word' id='word_1_88' title='bbox 1545 1740 1819 1805; x_wconf 89' lang='lat' dir='ltr'><strong>omnes’.</strong></span> <span class='ocrx_word' id='word_1_89' title='bbox 1883 1740 1981 1805; x_wconf 94' lang='lat' dir='ltr'><strong>III</strong></span> <span class='ocrx_word' id='word_1_90' title='bbox 2025 1747 2123 1824; x_wconf 88' lang='grc'><strong>16,</strong></span> <span class='ocrx_word' id='word_1_91' title='bbox 2168 1748 2205 1805; x_wconf 90' lang='grc'>6</span> <span class='ocrx_word' id='word_1_92' title='bbox 2254 1740 2567 1805; x_wconf 80' lang='lat' dir='ltr'><strong>‘audaces</strong></span> 
     </span>
     <span class='ocr_line' id='line_1_14' title="bbox 213 1844 2569 1934; baseline 0.001 -25"><span class='ocrx_word' id='word_1_93' title='bbox 213 1844 294 1909; x_wconf 90' lang='lat' dir='ltr'><strong>in</strong></span> <span class='ocrx_word' id='word_1_94' title='bbox 339 1866 490 1911; x_wconf 91' lang='lat' dir='ltr'><strong>mea</strong></span> <span class='ocrx_word' id='word_1_95' title='bbox 519 1845 820 1910; x_wconf 89' lang='lat' dir='ltr'><strong>membra</strong></span> <span class='ocrx_word' id='word_1_96' title='bbox 864 1846 1152 1912; x_wconf 84' lang='lat' dir='ltr'><strong>manus&#39;.</strong></span> <span class='ocrx_word' id='word_1_97' title='bbox 1223 1852 1320 1929; x_wconf 84' lang='lat'><strong>17,</strong></span> <span class='ocrx_word' id='word_1_98' title='bbox 1355 1855 1439 1910; x_wconf 87' lang='lat'><strong>24</strong></span> <span class='ocrx_word' id='word_1_99' title='bbox 1489 1846 1854 1911; x_wconf 85' lang='lat' dir='ltr'><strong>‘Pentheos</strong></span> <span class='ocrx_word' id='word_1_100' title='bbox 1886 1846 1961 1910; x_wconf 92' lang='lat' dir='ltr'><strong>in</strong></span> <span class='ocrx_word' id='word_1_101' title='bbox 1990 1846 2295 1934; x_wconf 72' lang='lat' dir='ltr'><strong>triplices</strong></span> <span class='ocrx_word' id='word_1_102' title='bbox 2325 1846 2569 1912; x_wconf 79' lang='lat' dir='ltr'><strong>funera</strong></span> 
     </span>
     <span class='ocr_line' id='line_1_15' title="bbox 211 1952 2566 2039; baseline 0 -22"><span class='ocrx_word' id='word_1_103' title='bbox 211 1958 421 2037; x_wconf 85' lang='lat' dir='ltr'><strong>grata</strong></span> <span class='ocrx_word' id='word_1_104' title='bbox 472 1952 759 2038; x_wconf 89' lang='lat' dir='ltr'><strong>greges’.</strong></span> <span class='ocrx_word' id='word_1_105' title='bbox 836 1952 933 2017; x_wconf 95' lang='lat' dir='ltr'><strong>IV</strong></span> <span class='ocrx_word' id='word_1_106' title='bbox 985 1957 1050 2036; x_wconf 86' lang='lat'><strong>1,</strong></span> <span class='ocrx_word' id='word_1_107' title='bbox 1101 1958 1182 2017; x_wconf 84' lang='lat'><strong>84</strong></span> <span class='ocrx_word' id='word_1_108' title='bbox 1232 1953 1354 2017; x_wconf 88' lang='lat' dir='ltr'><strong>‘Et</strong></span> <span class='ocrx_word' id='word_1_109' title='bbox 1411 1975 1624 2039; x_wconf 82' lang='lat' dir='ltr'><strong>grave</strong></span> <span class='ocrx_word' id='word_1_110' title='bbox 1672 1954 1954 2018; x_wconf 86' lang='lat' dir='ltr'><strong>Saturni</strong></span> <span class='ocrx_word' id='word_1_111' title='bbox 2012 1954 2199 2018; x_wconf 87' lang='lat' dir='ltr'><strong>sidus</strong></span> <span class='ocrx_word' id='word_1_112' title='bbox 2244 1954 2319 2017; x_wconf 94' lang='lat' dir='ltr'><strong>in</strong></span> <span class='ocrx_word' id='word_1_113' title='bbox 2369 1975 2566 2019; x_wconf 89' lang='lat' dir='ltr'><strong>omne</strong></span> 
     </span>
     <span class='ocr_line' id='line_1_16' title="bbox 211 2058 473 2146; baseline -0.004 -23"><span class='ocrx_word' id='word_1_114' title='bbox 211 2058 473 2146; x_wconf 83' lang='lat' dir='ltr'><strong>caput&#39;.</strong></span> 
     </span>
    </p>

    <p class='ocr_par' dir='ltr' id='par_1_5' title="bbox 212 2164 2564 2465">
     <span class='ocr_line' id='line_1_17' title="bbox 399 2164 2564 2231; baseline -0 -1"><span class='ocrx_word' id='word_1_115' title='bbox 399 2164 522 2231; x_wconf 80' lang='lat' dir='ltr'><strong>Ov.</strong></span> <span class='ocrx_word' id='word_1_116' title='bbox 553 2164 736 2231; x_wconf 84' lang='lat' dir='ltr'><strong>Fast.</strong></span> <span class='ocrx_word' id='word_1_117' title='bbox 777 2165 871 2230; x_wconf 92' lang='lat' dir='ltr'><strong>III</strong></span> <span class='ocrx_word' id='word_1_118' title='bbox 906 2172 1032 2231; x_wconf 89' lang='grc'><strong>316</strong></span> <span class='ocrx_word' id='word_1_119' title='bbox 1083 2165 1472 2231; x_wconf 73' lang='lat' dir='ltr'><strong>‘arbitrium</strong></span> <span class='ocrx_word' id='word_1_120' title='bbox 1521 2174 1622 2231; x_wconf 88' lang='lat' dir='ltr'><strong>est</strong></span> <span class='ocrx_word' id='word_1_121' title='bbox 1666 2166 1745 2230; x_wconf 88' lang='lat' dir='ltr'><strong>in</strong></span> <span class='ocrx_word' id='word_1_122' title='bbox 1788 2188 1909 2231; x_wconf 86' lang='lat' dir='ltr'><strong>sua</strong></span> <span class='ocrx_word' id='word_1_123' title='bbox 1954 2166 2093 2231; x_wconf 90' lang='lat' dir='ltr'><strong>tela</strong></span> <span class='ocrx_word' id='word_1_124' title='bbox 2124 2165 2347 2231; x_wconf 86' lang='lat' dir='ltr'><strong>Iovis&#39;.</strong></span> <span class='ocrx_word' id='word_1_125' title='bbox 2411 2164 2564 2229; x_wconf 87' lang='lat' dir='ltr'><strong>Am.</strong></span> 
     </span>
     <span class='ocr_line' id='line_1_18' title="bbox 212 2269 2563 2360; baseline 0 -25"><span class='ocrx_word' id='word_1_126' title='bbox 212 2269 250 2335; x_wconf 93' lang='grc' dir='ltr'>Ι</span> <span class='ocrx_word' id='word_1_127' title='bbox 303 2276 358 2355; x_wconf 88' lang='grc'><strong>1,</strong></span> <span class='ocrx_word' id='word_1_128' title='bbox 408 2278 465 2335; x_wconf 84' lang='grc'><strong>5.</strong></span> <span class='ocrx_word' id='word_1_129' title='bbox 555 2271 720 2338; x_wconf 87' lang='lat' dir='ltr'><strong>Hor.</strong></span> <span class='ocrx_word' id='word_1_130' title='bbox 766 2271 866 2337; x_wconf 94' lang='lat' dir='ltr'><strong>III</strong></span> <span class='ocrx_word' id='word_1_131' title='bbox 916 2278 972 2354; x_wconf 93' lang='grc'><strong>1,</strong></span> <span class='ocrx_word' id='word_1_132' title='bbox 1023 2281 1060 2337; x_wconf 90' lang='grc'>6</span> <span class='ocrx_word' id='word_1_133' title='bbox 1129 2272 1380 2358; x_wconf 83' lang='lat' dir='ltr'><strong>‘Reges</strong></span> <span class='ocrx_word' id='word_1_134' title='bbox 1426 2274 1500 2337; x_wconf 91' lang='lat' dir='ltr'><strong>in</strong></span> <span class='ocrx_word' id='word_1_135' title='bbox 1556 2272 1735 2360; x_wconf 89' lang='lat' dir='ltr'><strong>ipsos</strong></span> <span class='ocrx_word' id='word_1_136' title='bbox 1781 2273 2143 2359; x_wconf 91' lang='lat' dir='ltr'><strong>imperium</strong></span> <span class='ocrx_word' id='word_1_137' title='bbox 2190 2280 2292 2337; x_wconf 87' lang='lat' dir='ltr'><strong>est</strong></span> <span class='ocrx_word' id='word_1_138' title='bbox 2337 2272 2563 2339; x_wconf 81' lang='lat' dir='ltr'><strong>Iovis’.</strong></span> 
     </span>
     <span class='ocr_line' id='line_1_19' title="bbox 215 2377 838 2465; baseline 0.003 -24"><span class='ocrx_word' id='word_1_139' title='bbox 215 2378 420 2465; x_wconf 91' lang='lat' dir='ltr'><strong>Prop.</strong></span> <span class='ocrx_word' id='word_1_140' title='bbox 467 2377 562 2443; x_wconf 92' lang='grc' dir='ltr'><strong>ΠΙ</strong></span> <span class='ocrx_word' id='word_1_141' title='bbox 612 2384 712 2461; x_wconf 87' lang='grc'><strong>10,</strong></span> <span class='ocrx_word' id='word_1_142' title='bbox 760 2383 838 2443; x_wconf 92' lang='grc'><strong>18</strong></span> 
     </span>
    </p>

    <p class='ocr_par' dir='ltr' id='par_1_6' title="bbox 215 2483 2222 2677">
     <span class='ocr_line' id='line_1_20' title="bbox 444 2483 2222 2571; baseline 0 -23"><span class='ocrx_word' id='word_1_143' title='bbox 444 2483 682 2569; x_wconf 89' lang='lat' dir='ltr'><strong>‘Inque</strong></span> <span class='ocrx_word' id='word_1_144' title='bbox 727 2507 953 2549; x_wconf 89' lang='lat' dir='ltr'><strong>meum</strong></span> <span class='ocrx_word' id='word_1_145' title='bbox 999 2508 1261 2571; x_wconf 88' lang='lat' dir='ltr'><strong>semper</strong></span> <span class='ocrx_word' id='word_1_146' title='bbox 1306 2493 1490 2550; x_wconf 91' lang='lat' dir='ltr'><strong>stent</strong></span> <span class='ocrx_word' id='word_1_147' title='bbox 1546 2493 1666 2550; x_wconf 90' lang='lat' dir='ltr'><strong>tua</strong></span> <span class='ocrx_word' id='word_1_148' title='bbox 1712 2506 1926 2570; x_wconf 87' lang='lat' dir='ltr'><strong>regna</strong></span> <span class='ocrx_word' id='word_1_149' title='bbox 1973 2485 2222 2571; x_wconf 88' lang='lat' dir='ltr'><strong>caput&#39;.</strong></span> 
     </span>
     <span class='ocr_line' id='line_1_21' title="bbox 215 2589 877 2677; baseline 0.003 -24"><span class='ocrx_word' id='word_1_150' title='bbox 215 2589 262 2653; x_wconf 88' lang='lat' dir='ltr'><strong>i.</strong></span> <span class='ocrx_word' id='word_1_151' title='bbox 295 2612 349 2654; x_wconf 90' lang='lat' dir='ltr'><strong>e.</strong></span> <span class='ocrx_word' id='word_1_152' title='bbox 400 2614 644 2677; x_wconf 89' lang='lat' dir='ltr'><strong>gegen,</strong></span> <span class='ocrx_word' id='word_1_153' title='bbox 689 2591 877 2658; x_wconf 82' lang='lat' dir='ltr'><strong>iiber.</strong></span> 
     </span>
    </p>

    <p class='ocr_par' dir='ltr' id='par_1_7' title="bbox 209 2698 2565 2979">
     <span class='ocr_line' id='line_1_22' title="bbox 402 2698 2565 2786; baseline 0 -24"><span class='ocrx_word' id='word_1_154' title='bbox 402 2704 502 2781; x_wconf 89' lang='grc'><strong>22,</strong></span> <span class='ocrx_word' id='word_1_155' title='bbox 553 2704 629 2763; x_wconf 87' lang='grc'><strong>31</strong></span> <span class='ocrx_word' id='word_1_156' title='bbox 683 2700 854 2763; x_wconf 86' lang='lat' dir='ltr'><strong>‘Nec</strong></span> <span class='ocrx_word' id='word_1_157' title='bbox 899 2699 1218 2783; x_wconf 88' lang='lat' dir='ltr'><strong>cuiquam</strong></span> <span class='ocrx_word' id='word_1_158' title='bbox 1263 2698 1580 2764; x_wconf 87' lang='lat' dir='ltr'><strong>absentes</strong></span> <span class='ocrx_word' id='word_1_159' title='bbox 1612 2706 1924 2764; x_wconf 86' lang='lat' dir='ltr'><strong>arserunt</strong></span> <span class='ocrx_word' id='word_1_160' title='bbox 1968 2699 2043 2763; x_wconf 93' lang='lat' dir='ltr'><strong>in</strong></span> <span class='ocrx_word' id='word_1_161' title='bbox 2088 2706 2295 2786; x_wconf 86' lang='lat' dir='ltr'><strong>caput</strong></span> <span class='ocrx_word' id='word_1_162' title='bbox 2324 2699 2565 2785; x_wconf 86' lang='lat' dir='ltr'><strong>ignes’.</strong></span> 
     </span>
     <span class='ocr_line' id='line_1_23' title="bbox 215 2802 2564 2895; baseline 0.001 -28"><span class='ocrx_word' id='word_1_163' title='bbox 215 2802 257 2867; x_wconf 91' lang='lat' dir='ltr'><strong>i.</strong></span> <span class='ocrx_word' id='word_1_164' title='bbox 277 2826 330 2871; x_wconf 86' lang='grc'>,6.</span> <span class='ocrx_word' id='word_1_165' title='bbox 363 2803 582 2869; x_wconf 87' lang='lat' dir='ltr'><strong>wider</strong></span> <span class='ocrx_word' id='word_1_166' title='bbox 612 2804 674 2869; x_wconf 87' lang='lat' dir='ltr'><strong>d.</strong></span> <span class='ocrx_word' id='word_1_167' title='bbox 692 2805 947 2871; x_wconf 92' lang='lat' dir='ltr'><strong>Leben.</strong></span> <span class='ocrx_word' id='word_1_168' title='bbox 1005 2804 1145 2873; x_wconf 84' lang='lat' dir='ltr'><strong>Gfr.</strong></span> <span class='ocrx_word' id='word_1_169' title='bbox 1171 2806 1293 2871; x_wconf 85' lang='lat' dir='ltr'><strong>Ov.</strong></span> <span class='ocrx_word' id='word_1_170' title='bbox 1323 2806 1508 2871; x_wconf 85' lang='lat' dir='ltr'><strong>Fast.</strong></span> <span class='ocrx_word' id='word_1_171' title='bbox 1529 2806 1594 2871; x_wconf 91' lang='lat' dir='ltr'><strong>V</strong></span> <span class='ocrx_word' id='word_1_172' title='bbox 1618 2813 1745 2871; x_wconf 83' lang='lat'><strong>305</strong></span> <span class='ocrx_word' id='word_1_173' title='bbox 1778 2806 2095 2895; x_wconf 82' lang='lat' dir='ltr'><strong>‘Respice</strong></span> <span class='ocrx_word' id='word_1_174' title='bbox 2126 2805 2539 2871; x_wconf 86' lang='lat' dir='ltr'><strong>Thestiaden</strong></span> <span class='ocrx_word' id='word_1_175' title='bbox 2549 2828 2564 2888; x_wconf 87' lang='lat'>;</span> 
     </span>
     <span class='ocr_line' id='line_1_24' title="bbox 209 2908 1860 2979; baseline 0.001 -5"><span class='ocrx_word' id='word_1_176' title='bbox 209 2908 508 2975; x_wconf 84' lang='lat' dir='ltr'><strong>flammis</strong></span> <span class='ocrx_word' id='word_1_177' title='bbox 552 2910 945 2977; x_wconf 87' lang='lat' dir='ltr'><strong>absentibus</strong></span> <span class='ocrx_word' id='word_1_178' title='bbox 991 2913 1200 2978; x_wconf 88' lang='lat' dir='ltr'><strong>arsit’.</strong></span> <span class='ocrx_word' id='word_1_179' title='bbox 1292 2914 1454 2978; x_wconf 85' lang='lat' dir='ltr'><strong>Met.</strong></span> <span class='ocrx_word' id='word_1_180' title='bbox 1502 2912 1664 2979; x_wconf 84' lang='lat' dir='ltr'><strong>VIII</strong></span> <span class='ocrx_word' id='word_1_181' title='bbox 1714 2920 1860 2977; x_wconf 87' lang='grc'>515.</span> 
     </span>
    </p>

    <p class='ocr_par' dir='ltr' id='par_1_8' title="bbox 208 3016 2563 3209">
     <span class='ocr_line' id='line_1_25' title="bbox 399 3016 2563 3104; baseline 0.001 -23"><span class='ocrx_word' id='word_1_182' title='bbox 399 3016 468 3100; x_wconf 84' lang='lat' dir='ltr'><strong>d)</strong></span> <span class='ocrx_word' id='word_1_183' title='bbox 523 3018 770 3104; x_wconf 85' lang='lat' dir='ltr'><strong>Digna,</strong></span> <span class='ocrx_word' id='word_1_184' title='bbox 817 3042 990 3104; x_wconf 88' lang='lat' dir='ltr'><strong>quae</strong></span> <span class='ocrx_word' id='word_1_185' title='bbox 1039 3025 1663 3101; x_wconf 88' lang='lat' dir='ltr'><strong>commemorentur,</strong></span> <span class='ocrx_word' id='word_1_186' title='bbox 1710 3026 1873 3084; x_wconf 90' lang='lat' dir='ltr'><strong>sunt</strong></span> <span class='ocrx_word' id='word_1_187' title='bbox 1919 3019 2087 3083; x_wconf 89' lang='lat' dir='ltr'><strong>haec</strong></span> <span class='ocrx_word' id='word_1_188' title='bbox 2116 3018 2327 3085; x_wconf 87' lang='lat' dir='ltr'><strong>verba</strong></span> <span class='ocrx_word' id='word_1_189' title='bbox 2357 3041 2563 3084; x_wconf 82' lang='lat' dir='ltr'><strong>vocu-</strong></span> 
     </span>
     <span class='ocr_line' id='line_1_26' title="bbox 208 3122 2253 3209; baseline 0.002 -24"><span class='ocrx_word' id='word_1_190' title='bbox 208 3122 354 3187; x_wconf 89' lang='lat' dir='ltr'><strong>lam</strong></span> <span class='ocrx_word' id='word_1_191' title='bbox 401 3123 524 3191; x_wconf 89' lang='lat' dir='ltr'><strong>‘in’</strong></span> <span class='ocrx_word' id='word_1_192' title='bbox 574 3132 644 3189; x_wconf 91' lang='lat' dir='ltr'><strong>et</strong></span> <span class='ocrx_word' id='word_1_193' title='bbox 688 3126 1152 3192; x_wconf 85' lang='lat' dir='ltr'><strong>accusativum</strong></span> <span class='ocrx_word' id='word_1_194' title='bbox 1197 3148 1424 3191; x_wconf 85' lang='lat' dir='ltr'><strong>secum</strong></span> <span class='ocrx_word' id='word_1_195' title='bbox 1469 3125 1818 3192; x_wconf 89' lang='lat' dir='ltr'><strong>habentia:</strong></span> <span class='ocrx_word' id='word_1_196' title='bbox 1909 3126 1974 3190; x_wconf 92' lang='lat' dir='ltr'><strong>II</strong></span> <span class='ocrx_word' id='word_1_197' title='bbox 2022 3134 2123 3209; x_wconf 88' lang='lat'><strong>24,</strong></span> <span class='ocrx_word' id='word_1_198' title='bbox 2175 3133 2253 3190; x_wconf 85' lang='lat'><strong>31</strong></span> 
     </span>
    </p>

    <p class='ocr_par' dir='ltr' id='par_1_9' title="bbox 211 3230 2472 3421">
     <span class='ocr_line' id='line_1_27' title="bbox 443 3230 2472 3322; baseline 0 -28"><span class='ocrx_word' id='word_1_199' title='bbox 443 3230 605 3307; x_wconf 82' lang='lat' dir='ltr'><strong>‘Qui</strong></span> <span class='ocrx_word' id='word_1_200' title='bbox 649 3254 834 3297; x_wconf 90' lang='lat' dir='ltr'><strong>nunc</strong></span> <span class='ocrx_word' id='word_1_201' title='bbox 879 3255 950 3297; x_wconf 91' lang='lat' dir='ltr'><strong>se</strong></span> <span class='ocrx_word' id='word_1_202' title='bbox 995 3232 1070 3298; x_wconf 93' lang='lat' dir='ltr'><strong>in</strong></span> <span class='ocrx_word' id='word_1_203' title='bbox 1115 3232 1456 3297; x_wconf 90' lang='lat' dir='ltr'><strong>tumidum</strong></span> <span class='ocrx_word' id='word_1_204' title='bbox 1475 3310 1482 3322; x_wconf 36' lang='grc' dir='ltr'>Ι</span> <span class='ocrx_word' id='word_1_205' title='bbox 1499 3231 1817 3297; x_wconf 87' lang='lat' dir='ltr'><strong>iactando</strong></span> <span class='ocrx_word' id='word_1_206' title='bbox 1863 3232 2057 3296; x_wconf 88' lang='lat' dir='ltr'><strong>venit</strong></span> <span class='ocrx_word' id='word_1_207' title='bbox 2101 3231 2472 3297; x_wconf 90' lang='lat' dir='ltr'><strong>honorem’.</strong></span> 
     </span>
     <span class='ocr_line' id='line_1_28' title="bbox 211 3333 780 3421; baseline 0.009 -22"><span class='ocrx_word' id='word_1_208' title='bbox 211 3333 357 3401; x_wconf 79' lang='lat' dir='ltr'><strong>Gfr.</strong></span> <span class='ocrx_word' id='word_1_209' title='bbox 403 3336 500 3401; x_wconf 94' lang='lat' dir='ltr'><strong>III</strong></span> <span class='ocrx_word' id='word_1_210' title='bbox 552 3346 580 3402; x_wconf 92' lang='lat'>1</span> <span class='ocrx_word' id='word_1_211' title='bbox 596 3344 649 3421; x_wconf 92' lang='lat'><strong>1,</strong></span> <span class='ocrx_word' id='word_1_212' title='bbox 703 3344 734 3403; x_wconf 94' lang='lat'>1</span> <span class='ocrx_word' id='word_1_213' title='bbox 747 3345 780 3404; x_wconf 89' lang='lat'>7</span> 
     </span>
    </p>

    <p class='ocr_par' dir='ltr' id='par_1_10' title="bbox 442 3444 2299 3533">
     <span class='ocr_line' id='line_1_29' title="bbox 442 3444 2299 3533; baseline 0.001 -25"><span class='ocrx_word' id='word_1_214' title='bbox 442 3444 796 3531; x_wconf 92' lang='lat' dir='ltr'><strong>‘Omphale</strong></span> <span class='ocrx_word' id='word_1_215' title='bbox 841 3445 916 3509; x_wconf 93' lang='lat' dir='ltr'><strong>in</strong></span> <span class='ocrx_word' id='word_1_216' title='bbox 961 3452 1234 3511; x_wconf 85' lang='lat' dir='ltr'><strong>tantum</strong></span> <span class='ocrx_word' id='word_1_217' title='bbox 1276 3444 1532 3511; x_wconf 88' lang='lat' dir='ltr'><strong>formae</strong></span> <span class='ocrx_word' id='word_1_218' title='bbox 1578 3446 1907 3533; x_wconf 88' lang='lat' dir='ltr'><strong>processit</strong></span> <span class='ocrx_word' id='word_1_219' title='bbox 1951 3445 2299 3510; x_wconf 91' lang='lat' dir='ltr'><strong>honorem&#39;</strong></span> 
     </span>
    </p>

    <p class='ocr_par' dir='ltr' id='par_1_11' title="bbox 439 3549 2295 3640">
     <span class='ocr_line' id='line_1_30' title="bbox 439 3549 2295 3640; baseline 0.001 -26"><span class='ocrx_word' id='word_1_220' title='bbox 439 3549 537 3614; x_wconf 95' lang='lat' dir='ltr'><strong>IV</strong></span> <span class='ocrx_word' id='word_1_221' title='bbox 586 3554 641 3633; x_wconf 84' lang='lat'><strong>6,</strong></span> <span class='ocrx_word' id='word_1_222' title='bbox 690 3557 771 3617; x_wconf 83' lang='lat'><strong>82</strong></span> <span class='ocrx_word' id='word_1_223' title='bbox 823 3551 1142 3618; x_wconf 83' lang='lat' dir='ltr'><strong>‘Differat</strong></span> <span class='ocrx_word' id='word_1_224' title='bbox 1186 3552 1260 3617; x_wconf 91' lang='lat' dir='ltr'><strong>in</strong></span> <span class='ocrx_word' id='word_1_225' title='bbox 1306 3574 1551 3639; x_wconf 87' lang='lat' dir='ltr'><strong>pueros</strong></span> <span class='ocrx_word' id='word_1_226' title='bbox 1596 3553 1729 3617; x_wconf 85' lang='lat' dir='ltr'><strong>ista</strong></span> <span class='ocrx_word' id='word_1_227' title='bbox 1772 3559 2053 3640; x_wconf 89' lang='lat' dir='ltr'><strong>tropaea</strong></span> <span class='ocrx_word' id='word_1_228' title='bbox 2097 3553 2295 3617; x_wconf 89' lang='lat' dir='ltr'><strong>suos’.</strong></span> 
     </span>
    </p>

    <p class='ocr_par' dir='ltr' id='par_1_12' title="bbox 211 3655 2563 3852">
     <span class='ocr_line' id='line_1_31' title="bbox 211 3655 2563 3744; baseline 0 -22"><span class='ocrx_word' id='word_1_229' title='bbox 211 3655 310 3722; x_wconf 95' lang='lat' dir='ltr'><strong>III</strong></span> <span class='ocrx_word' id='word_1_230' title='bbox 362 3662 425 3739; x_wconf 92' lang='lat'><strong>1,</strong></span> <span class='ocrx_word' id='word_1_231' title='bbox 477 3663 556 3721; x_wconf 88' lang='grc'><strong>13</strong></span> <span class='ocrx_word' id='word_1_232' title='bbox 627 3657 727 3722; x_wconf 87' lang='lat' dir='ltr'><strong>‘in</strong></span> <span class='ocrx_word' id='word_1_233' title='bbox 789 3682 896 3723; x_wconf 89' lang='lat' dir='ltr'><strong>me</strong></span> <span class='ocrx_word' id='word_1_234' title='bbox 952 3659 1274 3725; x_wconf 86' lang='lat' dir='ltr'><strong>certatis’.</strong></span> <span class='ocrx_word' id='word_1_235' title='bbox 1367 3659 1463 3724; x_wconf 95' lang='lat' dir='ltr'><strong>IV</strong></span> <span class='ocrx_word' id='word_1_236' title='bbox 1513 3667 1578 3743; x_wconf 89' lang='lat'><strong>5,</strong></span> <span class='ocrx_word' id='word_1_237' title='bbox 1629 3667 1708 3724; x_wconf 89' lang='grc'><strong>67</strong></span> <span class='ocrx_word' id='word_1_238' title='bbox 1778 3660 2098 3723; x_wconf 88' lang='lat' dir='ltr'><strong>‘animam</strong></span> <span class='ocrx_word' id='word_1_239' title='bbox 2160 3658 2237 3724; x_wconf 89' lang='lat' dir='ltr'><strong>in</strong></span> <span class='ocrx_word' id='word_1_240' title='bbox 2297 3664 2563 3744; x_wconf 88' lang='lat' dir='ltr'><strong>tegetes</strong></span> 
     </span>
     <span class='ocr_line' id='line_1_32' title="bbox 213 3763 2172 3852; baseline 0.001 -25"><span class='ocrx_word' id='word_1_241' title='bbox 213 3769 491 3849; x_wconf 88' lang='lat' dir='ltr'><strong>putrem</strong></span> <span class='ocrx_word' id='word_1_242' title='bbox 537 3764 844 3851; x_wconf 83' lang='lat' dir='ltr'><strong>expirare</strong></span> <span class='ocrx_word' id='word_1_243' title='bbox 890 3766 1252 3852; x_wconf 88' lang='lat' dir='ltr'><strong>paternas’.</strong></span> <span class='ocrx_word' id='word_1_244' title='bbox 1347 3763 1486 3831; x_wconf 81' lang='lat' dir='ltr'><strong>Ofr.</strong></span> <span class='ocrx_word' id='word_1_245' title='bbox 1534 3766 1657 3833; x_wconf 84' lang='lat' dir='ltr'><strong>Ov.</strong></span> <span class='ocrx_word' id='word_1_246' title='bbox 1702 3766 1867 3830; x_wconf 85' lang='lat' dir='ltr'><strong>Met.</strong></span> <span class='ocrx_word' id='word_1_247' title='bbox 1912 3766 1978 3829; x_wconf 93' lang='lat' dir='ltr'><strong>V</strong></span> <span class='ocrx_word' id='word_1_248' title='bbox 2029 3771 2172 3830; x_wconf 88' lang='grc'>106.</span> 
     </span>
    </p>

    <p class='ocr_par' dir='ltr' id='par_1_13' title="bbox 209 3870 2564 4493">
     <span class='ocr_line' id='line_1_33' title="bbox 394 3870 2564 3961; baseline 0.001 -26"><span class='ocrx_word' id='word_1_249' title='bbox 394 3870 700 3937; x_wconf 92' lang='lat' dir='ltr'><strong>Verbum</strong></span> <span class='ocrx_word' id='word_1_250' title='bbox 744 3873 1135 3959; x_wconf 88' lang='lat' dir='ltr'><strong>apponendi</strong></span> <span class='ocrx_word' id='word_1_251' title='bbox 1190 3896 1344 3937; x_wconf 88' lang='lat' dir='ltr'><strong>cum</strong></span> <span class='ocrx_word' id='word_1_252' title='bbox 1389 3874 1729 3961; x_wconf 88' lang='lat' dir='ltr'><strong>particula</strong></span> <span class='ocrx_word' id='word_1_253' title='bbox 1774 3873 1897 3937; x_wconf 85' lang='lat' dir='ltr'><strong>‘in’</strong></span> <span class='ocrx_word' id='word_1_254' title='bbox 1957 3880 2025 3937; x_wconf 90' lang='lat' dir='ltr'><strong>et</strong></span> <span class='ocrx_word' id='word_1_255' title='bbox 2090 3871 2477 3937; x_wconf 87' lang='lat' dir='ltr'><strong>accusativo</strong></span> <span class='ocrx_word' id='word_1_256' title='bbox 2524 3895 2564 3937; x_wconf 84' lang='lat' dir='ltr'><strong>a</strong></span> 
     </span>
     <span class='ocr_line' id='line_1_34' title="bbox 213 3977 2562 4066; baseline 0.001 -25"><span class='ocrx_word' id='word_1_257' title='bbox 213 3977 574 4065; x_wconf 78' lang='lat' dir='ltr'><strong>PrOpertio</strong></span> <span class='ocrx_word' id='word_1_258' title='bbox 631 3980 1024 4066; x_wconf 83' lang='lat' dir='ltr'><strong>copulatum</strong></span> <span class='ocrx_word' id='word_1_259' title='bbox 1079 4002 1220 4045; x_wconf 89' lang='lat' dir='ltr'><strong>esse</strong></span> <span class='ocrx_word' id='word_1_260' title='bbox 1274 3980 1529 4065; x_wconf 57' lang='lat' dir='ltr'><strong>Hand„</strong></span> <span class='ocrx_word' id='word_1_261' title='bbox 1592 3980 1899 4065; x_wconf 89' lang='lat' dir='ltr'><strong>Draeger</strong></span> <span class='ocrx_word' id='word_1_262' title='bbox 1962 3978 2562 4065; x_wconf 86' lang='lat' dir='ltr'><strong>lexicographique</strong></span> 
     </span>
     <span class='ocr_line' id='line_1_35' title="bbox 209 4084 2561 4170; baseline 0 -21"><span class='ocrx_word' id='word_1_263' title='bbox 209 4089 650 4170; x_wconf 84' lang='lat' dir='ltr'><strong>putaverunt.</strong></span> <span class='ocrx_word' id='word_1_264' title='bbox 741 4084 839 4150; x_wconf 87' lang='lat' dir='ltr'><strong>At</strong></span> <span class='ocrx_word' id='word_1_265' title='bbox 883 4086 958 4150; x_wconf 92' lang='lat' dir='ltr'><strong>in</strong></span> <span class='ocrx_word' id='word_1_266' title='bbox 1001 4086 1120 4151; x_wconf 84' lang='lat' dir='ltr'><strong>illo</strong></span> <span class='ocrx_word' id='word_1_267' title='bbox 1176 4110 1274 4151; x_wconf 85' lang='lat' dir='ltr'><strong>vs.</strong></span> <span class='ocrx_word' id='word_1_268' title='bbox 1323 4086 1385 4151; x_wconf 90' lang='lat' dir='ltr'>H</span> <span class='ocrx_word' id='word_1_269' title='bbox 1434 4094 1502 4170; x_wconf 91' lang='lat'><strong>9,</strong></span> <span class='ocrx_word' id='word_1_270' title='bbox 1556 4093 1635 4153; x_wconf 90' lang='lat'><strong>12</strong></span> <span class='ocrx_word' id='word_1_271' title='bbox 1702 4087 1821 4151; x_wconf 88' lang='lat' dir='ltr'><strong>‘Et</strong></span> <span class='ocrx_word' id='word_1_272' title='bbox 1870 4086 2220 4152; x_wconf 88' lang='lat' dir='ltr'><strong>dominum</strong></span> <span class='ocrx_word' id='word_1_273' title='bbox 2265 4085 2438 4151; x_wconf 86' lang='lat' dir='ltr'><strong>lavit</strong></span> <span class='ocrx_word' id='word_1_274' title='bbox 2484 4136 2498 4149; x_wconf 94' lang='lat'><strong>.</strong></span> <span class='ocrx_word' id='word_1_275' title='bbox 2547 4137 2561 4150; x_wconf 92' lang='lat'><strong>.</strong></span> 
     </span>
     <span class='ocr_line' id='line_1_36' title="bbox 211 4189 2563 4277; baseline 0.001 -24"><span class='ocrx_word' id='word_1_276' title='bbox 211 4189 628 4277; x_wconf 87' lang='lat' dir='ltr'><strong>Adpositum</strong></span> <span class='ocrx_word' id='word_1_277' title='bbox 671 4190 868 4257; x_wconf 85' lang='lat' dir='ltr'><strong>flavis</strong></span> <span class='ocrx_word' id='word_1_278' title='bbox 913 4192 988 4256; x_wconf 93' lang='lat' dir='ltr'><strong>in</strong></span> <span class='ocrx_word' id='word_1_279' title='bbox 1019 4192 1366 4258; x_wconf 87' lang='lat' dir='ltr'><strong>Simoenta</strong></span> <span class='ocrx_word' id='word_1_280' title='bbox 1412 4194 1651 4259; x_wconf 85' lang='lat' dir='ltr'><strong>vadis’.</strong></span> <span class='ocrx_word' id='word_1_281' title='bbox 1718 4193 2030 4259; x_wconf 85' lang='lat' dir='ltr'><strong>dativum</strong></span> <span class='ocrx_word' id='word_1_282' title='bbox 2074 4215 2114 4257; x_wconf 93' lang='lat' dir='ltr'><strong>a</strong></span> <span class='ocrx_word' id='word_1_283' title='bbox 2159 4191 2369 4257; x_wconf 87' lang='lat' dir='ltr'><strong>verbo</strong></span> <span class='ocrx_word' id='word_1_284' title='bbox 2403 4191 2563 4256; x_wconf 86' lang='lat' dir='ltr'><strong>‘Ad-</strong></span> 
     </span>
     <span class='ocr_line' id='line_1_37' title="bbox 213 4296 2561 4387; baseline 0.001 -24"><span class='ocrx_word' id='word_1_285' title='bbox 213 4296 537 4382; x_wconf 86' lang='lat' dir='ltr'><strong>positum’</strong></span> <span class='ocrx_word' id='word_1_286' title='bbox 584 4298 879 4384; x_wconf 89' lang='lat' dir='ltr'><strong>pendere</strong></span> <span class='ocrx_word' id='word_1_287' title='bbox 927 4305 1140 4383; x_wconf 19' lang='lat' dir='ltr'><strong>*atque</strong></span> <span class='ocrx_word' id='word_1_288' title='bbox 1185 4300 1687 4387; x_wconf 86' lang='lat' dir='ltr'><strong>praepositione</strong></span> <span class='ocrx_word' id='word_1_289' title='bbox 1738 4300 1966 4365; x_wconf 90' lang='lat' dir='ltr'><strong>locum</strong></span> <span class='ocrx_word' id='word_1_290' title='bbox 2012 4299 2393 4365; x_wconf 87' lang='lat' dir='ltr'><strong>accuratius</strong></span> <span class='ocrx_word' id='word_1_291' title='bbox 2438 4323 2561 4365; x_wconf 93' lang='lat' dir='ltr'><strong>no-</strong></span> 
     </span>
     <span class='ocr_line' id='line_1_38' title="bbox 210 4402 2560 4493; baseline 0.002 -25"><span class='ocrx_word' id='word_1_292' title='bbox 210 4402 350 4469; x_wconf 83' lang='lat' dir='ltr'><strong>tari</strong></span> <span class='ocrx_word' id='word_1_293' title='bbox 417 4403 910 4471; x_wconf 86' lang='lat' dir='ltr'><strong>demonstrabit</strong></span> <span class='ocrx_word' id='word_1_294' title='bbox 973 4429 1069 4473; x_wconf 87' lang='lat' dir='ltr'><strong>vs.</strong></span> <span class='ocrx_word' id='word_1_295' title='bbox 1128 4407 1248 4472; x_wconf 84' lang='lat' dir='ltr'><strong>Ov.</strong></span> <span class='ocrx_word' id='word_1_296' title='bbox 1296 4408 1458 4471; x_wconf 88' lang='lat' dir='ltr'><strong>Met.</strong></span> <span class='ocrx_word' id='word_1_297' title='bbox 1517 4407 1657 4472; x_wconf 88' lang='lat' dir='ltr'><strong>XV</strong></span> <span class='ocrx_word' id='word_1_298' title='bbox 1708 4414 1832 4472; x_wconf 83' lang='lat'><strong>133</strong></span> <span class='ocrx_word' id='word_1_299' title='bbox 1911 4405 2335 4493; x_wconf 86' lang='lat' dir='ltr'><strong>‘Imponique</strong></span> <span class='ocrx_word' id='word_1_300' title='bbox 2400 4428 2560 4472; x_wconf 88' lang='lat' dir='ltr'><strong>suae</strong></span> 
     </span>
    </p>
   </div>
  </div>
 </body>
</html>
