3092 5117
1231 400 1671 457 -35-

271 568 525 653 liquor’
581 569 798 634 multa
860 577 930 634 et
985 567 1284 635 eiusdem
1343 578 1412 635 et
1465 570 1751 635 aliorum
1812 578 2163 658 poetarum
2224 573 2616 639 testimonia

275 697 449 759 quae
495 676 700 740 attuli
743 699 806 763 p.
842 682 943 740 39.

451 781 524 866 b)
578 782 998 869 Praepositio
1045 781 1298 848 dicitur
1345 782 1430 847 de
1468 783 1749 867 ratione,
1799 806 1883 847 ex
1932 806 2065 868 qua
2095 782 2262 868 quid
2310 785 2612 850 conside-

273 887 566 953 randum
612 896 738 954 est:
815 889 888 954 II
937 894 1046 973 13,
1095 897 1177 954 42
1245 889 1424 954 ‘Non
1470 889 1646 953 nihil
1690 889 1777 954 ad
1822 912 2062 957 verum
2111 890 2377 956 conscia
2430 898 2614 957 terra

273 995 495 1082 sapit’.
560 995 664 1061 IV
696 1003 752 1079 3,
787 1003 868 1060 62
919 996 1173 1061 ‘calent
1217 996 1304 1061 ad
1334 1018 1513 1062 nova
1557 997 1746 1062 lucra
1789 997 2049 1084 popae’.
2118 1005 2173 1081 5,
2208 1004 2288 1062 47
2325 998 2615 1064 ‘Ianitor

273 1100 362 1165 ad
409 1101 648 1168 dantes
691 1102 981 1188 vigilet’.

455 1208 604 1284 Quo
679 1208 877 1274 modo
953 1209 1289 1295 particula
1363 1209 1676 1297 inprimis
1740 1208 1825 1274 ab
1889 1209 2245 1274 adiectivis
2321 1211 2612 1297 pendet:

270 1313 348 1379 II
396 1322 496 1398 22,
547 1322 627 1380 20
677 1315 790 1380 ‘ad
833 1314 1158 1383 formosas
1205 1316 1485 1382 caecus'.
1583 1323 1691 1399 16,
1742 1323 1819 1380 21
1882 1316 2179 1381 ‘venales
2227 1368 2287 1380 ..
2335 1317 2424 1381 ad
2467 1340 2612 1383 mu-

270 1444 402 1485 nus
449 1408 750 1487 amicae'.
809 1423 882 1488 II
914 1431 1016 1507 34,
1050 1430 1131 1488 38
1180 1423 1422 1488 ‘tristis
1468 1423 1556 1487 ad
1588 1474 1601 1486 .
1636 1474 1649 1486 .
1696 1422 1936 1487 funera
1982 1423 2235 1507 equus'.
2313 1424 2385 1487 II
2423 1415 2611 1507 10,'3.

255 1528 378 1594 TV
429 1534 482 1611 1,
533 1537 642 1611 523
691 1536 748 1612 9,
797 1536 881 1595 40
930 1529 1041 1594 ‘ad
1085 1537 1312 1595 vastas
1357 1530 1568 1594 inrita
1610 1529 1748 1594 tela
1790 1528 2014 1593 feras⁷.

455 1638 516 1717 c)
587 1636 850 1701 Finalis
912 1637 1103 1702 notio
1176 1637 1252 1700 in
1314 1636 1653 1723 particula
1716 1636 1852 1700 ‘ad'
1924 1643 2191 1702 constat
2251 1637 2353 1703 IV
2402 1644 2439 1702 8
2452 1690 2467 1721 ,
2527 1646 2607 1704 37

272 1740 699 1827 ‘Lygdamus
763 1742 852 1807 ad
914 1743 1239 1830 cyathos’.
1342 1742 1480 1808 cfr.
1527 1742 1692 1808 Hor.
1746 1743 1785 1807 I
1832 1751 1941 1826 29,
1990 1749 2027 1807 8
2096 1744 2301 1809 ‘Puer
2346 1796 2358 1807 .
2408 1798 2421 1809 .
2498 1745 2612 1809 Ad

271 1848 600 1933 cyathum
645 1850 1028 1916 statuetur’.
1103 1850 1338 1916 Iuven.
1370 1850 1555 1914 XIII
1584 1857 1667 1914 44
1718 1849 2062 1914 ‘Herculis
2108 1873 2281 1915 uxor
2326 1850 2414 1915 ad
2456 1873 2612 1938 cya-

268 1954 471 2021 thos’.
539 1955 682 2021 Cat.
721 1963 819 2040 10,
855 1961 934 2021 15
985 1955 1114 2020 ‘Ad
1143 1957 1454 2021 lecticam
1485 1956 1834 2021 homines'.
1898 1956 2104 2042 Verg.
2137 1956 2305 2022 Aen.
2338 1958 2449 2022 IX
2483 1965 2609 2024 648

269 2060 388 2124 ‘ad
432 2061 670 2126 limina
715 2064 985 2127 custos’.

453 2168 524 2251 d)
586 2169 828 2252 Usum,
884 2191 1019 2254 quo
1066 2168 1204 2233 ‘’ad
1250 2169 1661 2257 praepositio
1712 2168 1975 2234 indicat
2028 2169 2161 2234 loci
2215 2171 2613 2257 propinqui-

266 2280 504 2359 tatem,
548 2276 956 2340 translatum
1002 2298 1144 2341 esse
1187 2275 1811 2341 animadvertimus.

452 2386 519 2466 α)
581 2383 690 2446 Pr.
737 2383 809 2447 Π
860 2391 968 2467 22,
1018 2391 1099 2449 16
1167 2383 1285 2448 ‘Et
1329 2383 1627 2469 Phrygis
1681 2383 1954 2448 insanos
2002 2382 2309 2448 caeditur
2353 2383 2441 2448 ad
2487 2407 2611 2448 nu-

267 2490 536 2553 meros’.
601 2488 746 2554 Tib.
792 2490 829 2553 I
875 2499 935 2574 4,
986 2496 1084 2555 70.
1151 2490 1272 2556 Ov.
1303 2490 1402 2554 Ib.
1437 2497 1583 2555 452.
1647 2490 1756 2554 Pr.
1787 2489 1890 2555 IV
1929 2495 1984 2572 1,
2036 2497 2116 2554 24
2166 2489 2280 2553 ‘ad
2326 2490 2614 2557 calamos

270 2602 433 2659 exta
476 2596 721 2662 litabat
767 2596 954 2662 ovis’.
1018 2597 1128 2661 [H
1162 2604 1263 2680 17,
1298 2604 1380 2662 36
1429 2596 1727 2661 “Fundet
1772 2597 1859 2661 ad
1904 2596 2144 2661 Idaeos
2191 2595 2504 2683 cymbala
2551 2650 2564 2661 .
2600 2650 2611 2661 .

270 2701 555 2767 choros’.
647 2703 749 2769 IV
796 2710 853 2787 8,
901 2711 986 2769 42
1044 2702 1378 2769 ‘lactabat
1424 2755 1436 2767 .
1486 2755 1499 2767 .
1547 2703 1635 2767 ad
1682 2725 1849 2770 cava
1890 2702 2083 2776 buxa.
2114 2704 2398 2768 manus’.
2491 2705 2612 2770 Ov.

269 2808 458 2873 Fast.
504 2810 613 2873 III
661 2816 806 2874 536.
2418 2880 2427 2887 ‚

450 2916 515 3002 β)
579 2915 824 2982 Acrior
868 2917 974 2982 vis
1018 2917 1093 2981 in
1137 2917 1473 3004 particula
1515 2917 1735 2982 inesse
1778 2916 2081 3000 videtur,
2138 2916 2195 2981 si
2250 2918 2426 2982 actio
2473 2940 2614 2982 non

267 3030 416 3087 tam
460 3023 567 3107 fit,
624 3045 826 3108 quam
877 3023 1028 3089 fieri
1072 3024 1342 3111 incipit,
1396 3031 1477 3089 ut
1523 3024 1717 3108 quasi
1761 3046 1960 3088 causa
2006 3024 2257 3109 agendi
2312 3021 2612 3088 efficiens

271 3138 742 3215 cognoscatur.
832 3133 942 3196 Pr.
988 3131 1090 3196 IV
1126 3136 1224 3213 11,
1269 3139 1306 3196 2
1357 3129 1719 3195 ‘Panditur
1762 3130 1850 3195 ad
1896 3130 2117 3194 nullas
2163 3130 2367 3194 ianua
2410 3130 2614 3215 nigra

269 3236 550 3323 preces’.
599 3238 709 3321 (ad
743 3270 823 3294 =
873 3236 999 3301 auf
1020 3275 1109 3286 —
1138 3237 1310 3321 hin.)
1377 3238 1498 3302 Ov.
1530 3237 1693 3301 Met.
1739 3237 1815 3300 X
1862 3243 1987 3301 574
2040 3236 2269 3302 ‘Venit
2314 3235 2400 3300 ad
2436 3235 2614 3300 hanc

269 3345 496 3430 legem
542 3395 554 3407 .
605 3345 623 3410 .’
663 3344 868 3409 turba
911 3345 1312 3431 procorum'.
1405 3345 1566 3409 Her.
1614 3344 1723 3407 XI
1772 3338 1853 3409 63
1906 3344 2205 3408 ‘Mortua
2252 3395 2264 3406 .
2300 3395 2312 3406 .
2360 3342 2447 3407 ad
2492 3350 2614 3407 tua

272 3450 485 3517 verba
529 3452 791 3517 revixi’.
855 3451 1068 3516 ExP.
1115 3451 1151 3514 I
1201 3458 1257 3534 3,
1306 3458 1363 3515 9.
1428 3451 1612 3515 Fast.
1665 3451 1909 3515 [1845.
1976 3450 2257 3515 V1520.
2321 3448 2610 3515 IH608.

272 3558 436 3624 Met.
483 3559 584 3624 IV
633 3566 776 3623 145.
841 3559 906 3624 V
954 3565 1100 3623 509.
1164 3557 1309 3621 Tib.
1358 3558 1431 3623 II
1479 3565 1534 3641 3,
1587 3563 1685 3622 79.
1756 3557 1921 3622 Hor.
1967 3556 2077 3620 ΠΙ
2124 3563 2181 3640 6,
2230 3563 2330 3622 40.
2406 3556 2611 3642 Verg.

273 3666 411 3730 VII
459 3672 606 3731 519.

453 3776 516 3856 γ)
579 3771 896 3857 Denique
941 3774 1077 3838 huc
1095 3773 1470 3863 ‘pertinent
1515 3771 1643 3837 hae
1689 3770 2090 3836 elocutionis
2135 3768 2491 3834 formulae:

497 3881 605 3944 Pr.
625 3880 733 3944 IH
755 3886 867 3963 8,1
906 3881 1159 3946 ‘Dulcis
1177 3880 1266 3945 ad
1283 3879 1635 3945 hesternas
1652 3877 1879 3943 fuerat
1905 3876 2076 3941 mihi
2102 3876 2251 3940 rixa
2266 3876 2611 3941 lucernas’.

274 3988 396 4053 Ov.
442 3989 604 4052 Met.
659 3987 760 4052 IV
811 3995 936 4052 220
1003 3986 1314 4053 ‘famulas
1368 3988 1455 4052 ad
1507 3985 1769 4051 lumina
1824 3984 2085 4049 cernit’.
2185 3983 2388 4069 Verg.
2438 3983 2611 4050 Aen.

274 4094 450 4166 VIII
492 4100 637 4159 411.
704 4094 900 4159 Geor.
946 4094 984 4157 I
1031 4100 1176 4159 291.
1242 4095 1362 4159 Ov.
1394 4094 1580 4158 Fast.
1626 4092 1701 4157 H
1733 4099 1876 4157 743.
1941 4091 2042 4156 IV
2078 4097 2202 4156 735
2252 4090 2363 4154 ‘ad
2393 4090 2613 4176 prima

274 4202 710 4287 crepuscula’.
796 4201 960 4266 Hor.
1009 4200 1146 4266 Sat.
1194 4199 1267 4264 II
1314 4208 1372 4284 8,
1423 4207 1503 4265 32
1554 4199 1914 4264 ‘melimela
1963 4250 1976 4261 .
2026 4250 2038 4261 .
2088 4197 2175 4261 ad
2220 4198 2453 4261 lunam
2498 4196 2612 4261 de-

271 4308 490 4373 lecta’.
566 4308 769 4393 Verg.
816 4307 986 4372 Aen.
1033 4307 1142 4373 IV.
1183 4313 1327 4372 513.
1423 4307 1544 4373 Ov.
1591 4307 1775 4370 Fast.
1822 4306 1858 4369 I
1909 4312 2058 4370 438.
2150 4304 2313 4369 Met.
2359 4302 2462 4369 IV
2510 4310 2609 4367 99.

273 4416 508 4480 Iuven.
555 4415 628 4479 X
678 4422 775 4480 21.
2114 4508 2187 4562 3*
