3092 5117
1189 391 1628 449 -53—

460 560 1002 647 Virgineumque
1047 584 1215 626 cavo
1261 561 1568 649 protegit
1612 584 1767 627 aere
1812 569 2037 649 caput,

463 667 697 745 Qualis
743 666 1242 733 Amazonidum
1287 718 1301 731 .
1341 718 1355 731 .
1401 666 1649 733 bellica
1695 718 1709 733 .
1743 719 1757 732 .
1803 666 2009 733 turba
2052 668 2325 733 lavatur
2371 667 2581 753 aquia

460 774 557 839 Et
585 774 787 840 modo
819 772 1116 861 Taygeti
1146 824 1161 838 .
1194 825 1208 838 .
1256 774 1575 840 Sectatur
1604 774 1862 862 patrios
1892 795 2015 861 per
2043 774 2205 861 iuga
2236 824 2249 838 .
2282 825 2297 838 .
2331 796 2529 839 canes
2540 775 2572 838 '.

225 880 382 965 ubi,
448 903 617 947 voce
680 880 934 947 ‘modo’
1001 880 1078 944 in
1141 880 1500 946 sententiis
1568 880 1861 968 ‘Gyrum
1923 880 2176 967 pulsat’
2242 888 2314 945 et
2378 881 2582 945 ‘latus

227 987 553 1053 revincit'
635 987 983 1075 suppleta,
1061 987 1495 1053 enuntiatum
1581 987 1816 1064 Qualis
1892 1009 2036 1072 sqq.
2057 1037 2073 1070 ,
2159 1009 2313 1052 eum
2386 1010 2581 1075 prae-

227 1094 470 1159 sertim
512 1101 793 1182 propter
846 1092 1136 1159 verbum
1189 1092 1508 1158 ‘lavatur’
1565 1092 2034 1181 praecedentis
2088 1114 2324 1173 versus
2379 1115 2581 1179 argu·
2714 1082 2719 1089 ’

225 1206 540 1265 mentum
593 1199 908 1298 omnibus
961 1200 1272 1288 partibus
1326 1222 1470 1265 non
1523 1200 1848 1285 illustret,
1910 1199 2302 1288 parenthesi
2360 1200 2580 1265 inclu-
2634 1236 2641 1243 ·

227 1306 536 1371 dendum
581 1315 701 1372 est.

416 1414 568 1491 Qua
611 1436 696 1479 ex
742 1411 1142 1499 quaestione
1188 1413 1357 1499 quid
1404 1413 1656 1479 ‘modo'
1704 1414 2042 1501 particula
2096 1414 2303 1480 semel
2355 1415 2581 1503 posita

229 1520 365 1585 sibi
411 1520 608 1604 velit,
673 1520 1078 1607 cognoveris
1122 1544 1344 1607 neque
1390 1520 1778 1587 assentieris
1823 1521 2199 1606 Kuttnero,
2256 1521 2376 1606 qui
2432 1544 2580 1588 eam

227 1627 318 1693 ad
365 1627 779 1716 explendum
810 1649 1084 1695 versum
1129 1650 1170 1693 a
1212 1636 1418 1715 poeta
1465 1627 1844 1693 adhibitam
1888 1650 2031 1694 esse
2078 1628 2513 1695 existimavit.

409 1734 973 1800 Vicissitudinem
1001 1734 1498 1823 particularum
1526 1734 1648 1801 ‘Et
1676 1734 1877 1801 modo
1906 1774 1995 1785 —-
2027 1735 2228 1801 modo
2263 1774 2343 1785 —
2377 1736 2577 1801 nunc’

225 1842 541 1929 Draeger
583 1841 1070 1929 praetermisit:
1117 1844 1226 1909 Pr.
1259 1842 1294 1907 Ι
1343 1850 1400 1927 3,
1449 1850 1551 1908 21.
1628 1843 1752 1909 Ov.
1783 1844 1946 1909 Met.
1977 1842 2080 1908 VI
2112 1849 2258 1908 663.
2322 1843 2397 1907 X
2431 1848 2578 1908 187.

225 1948 390 2014 Alia
435 1948 914 2015 adverbiorum
960 1948 1297 2015 varietate
1340 1950 1614 2037 insigne
1660 1957 1763 2015 est
1809 1950 2247 2015 enuntiatum
2289 1949 2326 2013 Ι
2374 1956 2411 2015 3
2429 2000 2445 2033 ,
2494 1955 2573 2014 41

227 2056 459 2121 ‘modo
490 2095 576 2105 -
609 2078 841 2129 rursus
873 2063 944 2121 et
982 2094 1061 2105 -—
1090 2056 1483 2140 interdum’,
1524 2057 1710 2143 quod
1740 2057 2048 2143 Draeger
2079 2058 2323 2122 omissa
2354 2054 2580 2121 ‘interss-

230 2162 420 2227 dum'
468 2184 638 2228 voce
681 2185 822 2229 non
867 2170 1181 2229 accurate
1227 2163 1556 2229 laudavit.

410 2269 633 2353 Idem,
688 2270 850 2355 quia
892 2270 1210 2339 Handius
1255 2292 1395 2335 non
1443 2270 1771 2336 attulerat
1816 2270 2148 2358 exempla,
2206 2276 2580 2335 commotus

233 2398 378 2441 esse
441 2376 612 2441 mihi
672 2376 976 2460 videtur,
1038 2384 1118 2442 ut
1176 2377 1728 2443 consecutionem
1783 2377 2009 2445 ‘modo
2055 2416 2143 2427 —-
2199 2376 2577 2442 interdum'

227 2483 489 2548 nemini
551 2482 690 2549 nisi
753 2483 1077 2550 Sallustio
1140 2484 1566 2570 Horatioque
1630 2485 2047 2551 concederet.
2148 2481 2247 2550 At
2309 2490 2580 2571 praeter

227 2590 382 2656 illos
431 2589 794 2677 scriptores
839 2591 968 2657 hac
1012 2588 1305 2657 formula
1351 2599 1422 2656 et
1451 2593 1651 2679 Prop.
1696 2614 1857 2657 usus
1899 2598 2003 2657 est
2047 2591 2120 2656 H
2156 2599 2255 2675 15,
2290 2598 2327 2655 5
2368 2589 2579 2655 .‘Nam

230 2697 433 2763 modo
480 2748 494 2761 .
530 2713 544 2763 .’
589 2719 857 2763 mecum
913 2705 1016 2764 ent
1064 2697 1324 2763 luctata
1369 2748 1382 2761 .
1433 2746 1446 2762 .
1537 2698 1898 2763 Interdum
1944 2749 1957 2762 .
2008 2749 2021 2762 .
2070 2698 2271 2763 duxit
2317 2751 2330 2765 .
2377 2748 2391 2761 .
2436 2718 2579 2761 mo-

226 2804 397 2869 ram’
455 2811 526 2869 et
566 2804 763 2871 Ovid.
794 2806 956 2870 Met.
1004 2803 1077 2869 Π
1120 2811 1246 2871 189
1304 2805 1428 2870 ‘Et
1471 2806 1673 2871 modo
1722 2857 1736 2869 .
1769 2857 1783 2869 .
1817 2856 1830 2869 .
1901 2805 2241 2894 Prospicit
2286 2826 2577 2887 occasus,

227 2911 576 2976 interdum
638 2910 918 3000 respicit
983 2912 1216 2977 ortus’.
1306 2912 1452 2977 Has
1511 2912 1789 2979 voculas
1854 2912 2037 2978 idem
2099 2918 2311 3001 poeta·
2364 2911 2579 2977 vertit

227 3018 340 3083 Tr.
385 3018 460 3083 ΙΙ
507 3024 654 3084 269.
1465 3040 1483 3045 ”
1545 3090 1552 3095 ,

411 3133 467 3189 5.
541 3124 980 3211 Elegantiam
1026 3124 1354 3191 orationis
1401 3126 1733 3213 poeticae,
1790 3148 1967 3211 quae
2018 3124 2420 3191 observatur
2479 3147 2576 3191 vs.

230 3231 303 3294 II
354 3239 458 3315 25,
508 3238 588 3296 16

455 3339 730 3405 ‘teritur
765 3337 1087 3425 rubigine
1132 3361 1364 3405 mucro
1395 3340 1689 3404 Ferreus
1736 3346 1807 3403 et
1836 3360 2051 3426 parvo
2084 3360 2282 3426 saepe
2312 3338 2577 3423 liquore

1937 3445 2151 3511 silex’.

408 3551 717 3617 Kuttner
749 3554 838 3640 (p.
873 3557 982 3636 60)
1016 3552 1346 3639 cognovit
1377 3551 1673 3637 quidem,
1720 3552 1839 3618 sed
1869 3552 2207 3617 rationem
2240 3574 2577 3639 exponere

229 3680 369 3723 non
415 3657 699 3724 studuit.
791 3658 1150 3725 simillime
1197 3668 1426 3725 autem
1471 3666 1705 3725 noster
1749 3660 2017 3725 locutus
2064 3667 2167 3724 est
2212 3659 2249 3723 Ι
2298 3665 2353 3742 3,
2401 3666 2484 3724 44

453 3765 838 3831 ‘Interdum
882 3764 1130 3832 leviter
1173 3788 1440 3831 mecum
1486 3765 1756 3831 deserta
1803 3764 2134 3850 querebar

451 3872 758 3937 Externo
805 3871 1044 3958 longas
1091 3895 1291 3960 saepe
1336 3872 1414 3936 in
1459 3894 1688 3937 amore
1733 3873 1997 3937 moras'.

230 4000 364 4062 quo
410 3979 577 4062 1000,
624 4000 779 4043 cum
809 3978 1116 4065 Cynthia
1161 4002 1300 4045 non
1343 3987 1488 4044 tam
1520 3980 1785 4065 ‘longas
1832 4000 2029 4067 saepe
2060 4000 2280 4044 moras
2291 3978 2325 4061 ’,
2374 4000 2578 4063 quam

231 4090 477 4151 ‘moras
519 4085 727 4173 -ipsas’
774 4085 1084 4171 graviter
1126 4084 1332 4169 ferat,
1387 4086 1614 4173 figura
1658 4108 1699 4150 a
1744 4085 2209 4172 grammaticis
2255 4082 2413 4171 ὓφέν
2457 4108 2577 4151 vo-

230 4193 399 4258 cata'
426 4192 738 4257 adhibita
783 4200 902 4257 est.
982 4192 1379 4257 Cuiusmodi
1423 4192 1628 4277 locos,
1672 4215 1708 4258 e
1756 4191 2003 4277 quibus
2036 4192 2357 4280 depromo
2403 4190 2577 4256 illud

231 4298 367 4363 Cic.
402 4298 487 4363 de
517 4306 656 4363 nat.
691 4298 752 4363 d.
785 4297 856 4363 ΙΙ
891 4305 972 4363 66
1022 4298 1347 4386 ‘ipsorum
1391 4297 1671 4364 deorum
1703 4321 1901 4385 saepe
1934 4295 2341 4385 (oftmalige)
2385 4320 2577 4385 prae—

231 4405 516 4471 sentiae’
563 4406 871 4492 Draeger
915 4404 950 4469 Ι
995 4428 1058 4492 p.
1096 4412 1218 4470 631
1271 4405 1567 4491 collegit.
