3092 5117
1281 384 1684 443 ...9-

627 554 745 619 ‘At
787 562 1026 621 nostra
1069 553 1346 641 ingenti
1389 552 1589 621 vadit
1632 552 2054 621 circumdata
2098 552 2321 639 turba,

715 660 864 727 Nec
907 659 1210 747 digitum
1253 666 1548 747 angusta
1594 668 1699 727 est
1741 660 2105 727 inseruisse
2148 659 2299 725 via’.

489 773 591 834 14.
650 767 887 852 Atque
943 766 1152 833 etiam
1195 766 1561 851 Catullum,
1606 766 1973 850 Tibullum,
2016 764 2455 855 Propertium
2500 765 2671 833 Ovi-

307 874 502 941 dium
553 873 824 941 videbis
878 874 1196 940 voculam
1251 874 1412 939 ‘nec’
1467 895 1595 961 pro
1652 873 1829 939 ‘non'
1884 895 2263 962 usurpasse,
2310 896 2513 959 quem
2558 873 2671 939 di·

308 982 512 1048 cendi
539 1004 740 1047 usum
768 980 1155 1047 veterrimis
1187 980 1575 1047 comoediae
1606 979 2055 1068 scriptoribus
2094 981 2259 1047 solis
2286 980 2597 1068 Draeger
2610 981 2671 1067 1)

303 1088 616 1177 inspecto
671 1086 1040 1153 Ribbeckii
1093 1086 1328 1153 libello
1381 1108 1521 1153 non
1582 1087 2037 1153 concessisset.
2126 1087 2179 1152 J
2178 1110 2291 1153 am
2342 1086 2671 1153 Handius

306 1195 439 1282 (IV
485 1198 598 1277 97)
653 1217 750 1261 vs.
795 1193 1006 1280 Verg.
1061 1193 1212 1259 Ecl.
1255 1192 1370 1258 IX
1417 1200 1455 1258 6
1505 1192 1709 1278 ‘quod
1762 1216 1891 1259 1100
1946 1200 2175 1260 vertat
2227 1192 2421 1259 bene’
2479 1200 2665 1260 attu-

303 1302 500 1369 lerat.
607 1302 894 1367 Praeter
964 1322 1122 1367 eum
1193 1299 1619 1365 Ribbeckius
1681 1301 1723 1365 1.
1792 1323 1845 1365 c.
1916 1300 2109 1365 illam
2170 1300 2665 1389 proprietatem

308 1408 580 1475 Catullo
609 1411 742 1493 (64,
792 1407 904 1494 83)
945 1413 1018 1473 et
1047 1407 1226 1473 Ciris
1255 1405 1575 1495 scriptori
1606 1406 2048 1473 adjudicavit.
2123 1406 2431 1475 Observa
2470 1429 2669 1475 nunc

305 1538 406 1582 VS.
451 1516 654 1603 Prop.
699 1513 774 1579 H
823 1522 924 1597 24,
974 1520 1055 1580 37

489 1621 752 1687 ‘Certus
799 1642 946 1687 eras
991 1620 1130 1687 heu
1173 1620 1326 1704 heu,
1371 1619 1687 1706 quamvis
1732 1643 1860 1685 nec
1904 1619 2240 1707 sanguine
2286 1620 2475 1687 avito

613 1726 902 1811 Nobilis,
946 1735 1018 1793 et
1065 1728 1379 1813 quamvis
1424 1727 1599 1795 haut
1640 1714 1743 1793 ita
1786 1728 1981 1793 dives
2028 1728 2209 1793 eras'.

305 1836 450 1901 iam
491 1858 758 1900 mecum
803 1835 1186 1901 consenties
1231 1835 1310 1899 in
1355 1857 1452 1919 eo,
1499 1834 1687 1920 quod
1718 1836 1877 1900 ‘nec'
1925 1834 2187 1899 nullam
2229 1833 2441 1900 habet
2468 1832 2668 1901 vocis

309 1942 843 2026 contentionem,
887 1941 1008 2007 sed
1052 1939 1281 2008 verbis
1328 1939 1517 2007 ‘haut
1558 1942 1675 2007 ita’
1723 1941 2109 2031 respondet.

490 2047 758 2115 Similia
797 2048 1084 2137 praebet
1129 2048 1418 2114 Ovidius
1465 2048 1792 2136 exempla.
1882 2048 1993 2112 m
2042 2053 2123 2113 10
2177 2053 2258 2113 13

525 2156 612 2241 ,N
609 2155 686 2221 ix
727 2155 924 2239 iacet,
972 2162 1042 2221 et
1085 2155 1339 2220 iactam
1383 2177 1513 2220 nec
1558 2154 1660 2220 sol
1702 2155 2068 2243 pluviaeve
2110 2156 2484 2240 resolvunt,

629 2262 918 2329 Indurat
962 2262 1200 2328 boreas
1243 2268 1782 2351 perpetuamque
1825 2260 2029 2327 facit’.

313 2375 418 2455 10,
464 2376 550 2435 43

525 2476 720 2541 ‘Tum
763 2499 988 2562 neque
1033 2499 1104 2541 se
1147 2474 1360 2564 pandi
1404 2481 1693 2563 possunt
1740 2475 2095 2563 delphines
2138 2475 2215 2540 in
2262 2498 2459 2541 auras

613 2583 905 2666 rI'ollere3
955 2588 1278 2649 conantes
1325 2582 1498 2647 dura
1545 2560 1814 2648 cdercet
1857 2582 2110 2647 hiems’.

489 2690 542 2755 J
543 2713 652 2756 am
703 2692 780 2757 in
831 2692 1106 2757 Metam.
1161 2689 1354 2756 libris
1407 2696 1646 2755 utrum
1688 2689 1867 2755 hanc
1922 2689 2267 2756 scribendi
2310 2688 2668 2755 licentiam

311 2795 446 2862 sibi
499 2797 865 2885 sumpserit
917 2804 1150 2885 poeta,
1216 2819 1457 2881 necne,
1524 2803 1709 2862 certe
1783 2795 2161 2862 existimari
2215 2819 2355 2863 non
2417 2804 2669 2885 potest.

309 2903 491 2969 Nam
537 2911 858 2992 corrupto
905 2904 1158 2969 codicis
1187 2904 1395 2969 Marc.
1440 2904 1590 2969 loco
1621 2903 1733 2967 IX
1780 2910 1907 2968 248
1954 2904 2185 2968 nescio
2234 2925 2321 2968 an
2350 2902 2671 2968 Kornius

313 3014 422 3075 ‘ne
468 3048 555 3059 —
599 3018 915 3099 paveant,
959 3011 1126 3076 istas
1175 3010 1565 3098 despernite
1608 3009 1927 3075 flammas'
1975 3010 2228 3075 rectius
2275 3010 2669 3075 correxerit.

493 3117 842 3183 Catullum
872 3124 1101 3183 autem
1130 3118 1427 3204 primum
1445 3116 1625 3181 hanc
1658 3116 2069 3181 comicorum
2100 3116 2667 3181 consuetudinem

312 3231 625 3289 secutum
679 3247 822 3289 esse
877 3223 1172 3309 affirmO,
1227 3245 1368 3289 non
1415 3229 1791 3288 commotus
1845 3223 1965 3288 illo
2020 3244 2227 3288 versu
2282 3230 2385 3304 64,
2445 3229 2527 3287 83
2576 3222 2671 3287 ab

313 3330 468 3396 aliis
513 3331 714 3396 aliter
756 3331 1126 3415 intellecto,
1175 3330 1296 3395 sed
1340 3330 1490 3395 loco
1538 3338 1641 3414 30,
1692 3339 1733 3395 4

532 3436 692 3502 ‘Nec
737 3435 922 3501 facta
965 3437 1176 3525 impia
1204 3435 1526 3501 fallacum
1556 3436 1911 3503 hominum
1943 3435 2322 3502 caeliocolis
2352 3435 2662 3523 placent’.

494 3543 942 3628 Nequaquam
986 3543 1167 3608 hanc
1214 3542 1524 3607 codicum
1568 3543 1935 3608 lectionem
1978 3542 2328 3609 Baehrens
2374 3542 2671 3626 (‘Nunc’)

315 3657 387 3716 et
403 3649 610 3715 Riese
633 3649 874 3733 (‘Non')
903 3656 1305 3733 mutassent,
1335 3649 1472 3714 nisi
1501 3672 1542 3713 a
1557 3649 1923 3735 Draeger0‚
1957 3672 2160 3735 quem
2188 3649 2671 3733 laudaverunt,

315 3781 356 3823 a
401 3764 591 3822 recta
634 3757 750 3823 via
795 3755 1078 3821 abducti
1123 3763 1365 3822 essent.

497 3863 760 3941 Quibus
814 3866 1149 3950 reputatis
1208 3864 1360 3948 quis
1417 3861 1716 3947 dubitet,
1774 3862 1944 3948 quin
1997 3863 2115 3927 illa
2164 3861 2671 3928 coniunctionis

311 3971 422 4038 vis
469 3970 900 4058 agnoscenda
943 3971 1035 4035 sit
1081 3993 1184 4058 ap.
1232 3969 1380 4037 Tib.
1426 3971 1463 4035 I
1511 3978 1568 4054 6,
1618 3972 1743 4035 45?

531 4078 738 4143 ‘Haec
781 4078 906 4143 ubi
948 4078 1277 4143 Bellonae
1323 4085 1517 4143 motu
1563 4084 1667 4143 est
1713 4078 1976 4164 agitata
2021 4101 2149 4143 1100
2196 4098 2419 4142 acrem

619 4186 1015 4268 Flammam,
1063 4206 1204 4249 non
1251 4206 1483 4249 amens
1529 4183 1817 4249 verbera
1858 4190 2043 4250 torta
2088 4183 2322 4249 timet'.

311 4336 576 4343 ———
592 4337 744 4342 --—

497 4416 539 4485 1)
578 4413 840 4485 Draeger,
865 4413 1071 4469 Hister.
1099 4413 1310 4483 Syntax
1335 4413 1432 4468 der
1455 4413 1556 4469 lat.
1576 4414 1836 4483 Sprache.
1885 4414 1933 4469 2.
1956 4413 2191 4485 Auflage
2213 4413 2367 4469 1881.
2411 4413 2480 4481 ΙΙ,
2500 4431 2556 4482 p.
2576 4413 2668 4467 67.
