3092 5117
221 618 449 698 atque
516 612 683 679 Hor.
741 613 882 679 Sat.
939 615 1002 680 Π
1062 620 1125 698 L,
1175 622 1256 680 35
1337 618 1514 679 ‘arat
1589 612 1797 678 finem
1866 612 1994 679 sub
2046 620 2416 698 utrumque
2480 634 2590 679 co-

219 718 476 787 lonus’.

415 834 474 891 4.
535 827 1046 915 Praepositione
1073 826 1251 892 ‘sub'
1285 850 1442 893 cum
1485 826 1791 893 ablativo
1824 825 2192 892 coniuncta
2220 826 2447 891 locum
2476 826 2586 890 in-

220 929 571 1017 feriorem,
616 935 739 1019 qui
768 936 956 1001 totus
1001 935 1146 1000 sive
1179 945 1264 999 e'x
1307 935 1536 1019 aliqua
1565 940 1762 1022 parte
1792 932 2251 999 circumdatu-
2299 927 2405 997 est
2428 928 2590 998 altis

221 1038 454 1124 rebus,
503 1041 902 1128 significari,
953 1042 1136 1107 inter
1181 1064 1413 1107 omnes
1458 1040 1604 1106 fere
1654 1047 1924 1106 constat
1971 1062 2197 1125 neque
2242 1038 2587 1126 intellegi·

222 1152 376 1229 tur,
441 1147 612 1233 quid
675 1147 808 1213 sibi
869 1148 1042 1214 velit
1100 1148 1511 1235 Kiesslingii
1573 1148 1947 1230 sententia,
2012 1146 2381 1212 Horatium
2435 1144 2589 1211 ‘sub

223 1254 463 1319 antro’
509 1256 736 1343 (Prop.
783 1256 856 1321 Π
903 1262 1004 1339 32,
1055 1263 1158 1323 39.
1221 1254 1392 1321 ‘Sub
1439 1254 1609 1320 aula’
1658 1254 1760 1320 IV
1809 1263 1864 1338 5,
1914 1264 2018 1321 55.
2094 1253 2264 1321 ‘Sub
2295 1254 2587 1341 pectore’

224 1360 261 1424 Ι
319 1367 420 1444 15,
470 1365 580 1445 31)
645 1361 1055 1427 scribentem
1108 1369 1372 1427 tectum
1425 1361 1613 1427 antri
1666 1361 2055 1449 respexisse.
2146 1360 2323 1425 Nam
2378 1360 2437 1425 si
2481 1383 2589 1425 res

224 1466 334 1531 ita
379 1490 452 1533 se
481 1467 781 1552 haberet,
830 1490 964 1554 quo
1003 1469 1203 1535 modo
1235 1468 1390 1533 ‘sub
1421 1468 1629 1535 valle’
1680 1465 1854 1551 (Tib.
1881 1465 1954 1531 Π
1986 1472 2044 1551 3,
2081 1472 2180 1532 19.
2246 1460 2367 1532 011.
2398 1468 2589 1532 Fast.

224 1573 336 1639 IV
385 1581 532 1639 427.
623 1576 786 1641 Met.
833 1576 946 1641 XI
993 1580 1148 1660 277)
1213 1576 1514 1661 aliasque
1571 1596 1740 1660 quas
1788 1594 1947 1640 mox
1993 1572 2295 1657 afferam,
2363 1574 2590 1647 elocu-

222 1680 454 1747 tiones
503 1683 842 1770 explicare
887 1682 1274 1771 possemus?

409 1788 806 1875 Madvigius
820 1790 870 1873 ²)
917 1796 1172 1873 autem,
1219 1788 1530 1875 quamvis
1580 1787 1901 1853 dictionis
1950 1786 2103 1851 ‘sub
2143 1787 2351 1853 valle'
2398 1808 2586 1853 111011·-

223 1893 495 1960 tionem
524 1894 782 1979 fecerit,
828 1904 1061 1961 tamen
1099 1897 1414 1961 voculam
1445 1893 1624 1959 ‘sub’
1659 1894 2095 1981 impugnavit
2139 1915 2236 1959 vs.
2268 1894 2378 1958 III
2410 1902 2466 1979 9,
2503 1885 2585 1959 3'6

455 2003 644 2068 ‘Non
691 2025 818 2089 ego
864 2002 1152 2069 velifera
1196 2001 1541 2067 tumidum
1586 2023 1772 2067 mare
1816 2000 2005 2067 findo
2053 2001 2311 2066 carina:

561 2110 739 2175 Tuta
785 2110 911 2175 sub
958 2110 1207 2196 exiguo
1251 2108 1530 2174 flumine
1578 2115 1814 2173 nostra
1858 2108 2157 2173 morast’.

408 2215 634 2302 Atqui
661 2216 1059 2304 Propertius
1107 2215 1208 2279 ‘in
1253 2214 1614 2281 arundine’
1663 2214 1707 2281 i.
1740 2236 1793 2279 e.
1838 2220 2061 2279 unten
2106 2212 2201 2277 im
2250 2212 2585 2280 Robricht

224 2323 506 2413 scripsit
551 2324 623 2388 Π
673 2330 773 2407 27,
825 2332 906 2390 13

455 2432 626 2495 110111
671 2430 836 2496 licet
881 2438 952 2497 et
995 2430 1245 2518 Stygia
1290 2430 1523 2496 sedeat
1571 2428 1697 2495 sub
1742 2426 2079 2494 arundine
2124 2446 2353 2493 remex
2364 2419 2397 2494 ''.

226 2536 370 2603 Gfr.
420 2538 543 2604 Ov.
590 2539 754 2603 Met.
799 2538 974 2603 Vm
1022 2544 1148 2603 337
1217 2542 1436 2603 ‘tenet
1500 2538 1637 2601 ima
1699 2536 1984 2601 lacunae
2035 2586 2048 2599 .
2098 2586 2111 2599 .
2161 2587 2175 2601 .
2244 2542 2317 2600 et
2378 2536 2588 2621 longa

224 2668 486 2733 parvae
531 2644 658 2709 sub
705 2644 1040 2710 arundine
1085 2645 1391 2710 cannae’.

409 2753 599 2839 Ergo
630 2772 1062 2837 nequaquam
1091 2752 1302 2817 miror
1329 2758 1603 2839 poetam
1634 2750 1787 2815 ‘sub
1832 2748 2139 2814 flumine’
2189 2749 2230 2813 i.
2264 2772 2316 2813 0.
2364 2755 2587 2813 unten

224 2860 324 2925 im
371 2860 572 2925 Fluss
629 2858 1002 2925 elocutioni
1057 2858 1158 2923 ‘in
1213 2858 1518 2923 flumine'
1569 2857 1722 2923 ideo
1776 2856 2203 2943 praetulisse,
2268 2863 2350 2921 ut
2412 2856 2585 2920 altas

226 2966 648 3033 describeret
691 2967 892 3055 ripas,
939 2989 1112 3051 quae
1159 2966 1516 3053 navigium
1564 2986 1603 3031 a
1642 2964 2039 3051 periculosis
2070 2964 2300 3029 ventis
2346 2961 2587 3028 defen-

227 3074 496 3139 derent.
589 3072 726 3139 Ofr.
773 3074 972 3161 Prop.
1018 3074 1093 3138 ΙΙ
1139 3082 1197 3157 4,
1250 3079 1329 3139 19

455 3181 877 3266 ‘Tranquillo
923 3188 1078 3247 tuta
1125 3180 1479 3245 descendis
1525 3178 1809 3243 flumine
1856 3170 2144 3264 ossrmba’.

413 3288 602 3365 Quae
665 3288 726 3352 si
779 3285 914 3352 tibi
966 3288 1321 3373 videntur,
1384 3309 1609 3371 neque
1653 3284 2087 3350 Lachmanni
2140 3282 2353 3350 verba
2399 3286 2586 3347 ‘cum

226 3417 392 3483 pars
437 3394 705 3480 navigii
749 3394 873 3459 sub
919 3416 1095 3479 aqua
1141 3394 1232 3459 sit
1245 3392 1263 3425 ²
1306 3414 1530 3478 neque
1588 3392 1875 3457 aliorum
1932 3390 2383 3456 coniecturas.
2412 3386 2589 3473 (1110-

225 3501 443 3566 mine'
489 3501 717 3567 Madv.
795 3500 996 3567 ‘Tota
1039 3499 1184 3566 sed’
1231 3498 1502 3581 Baehr.)
1551 3500 1789 3585 magni
1836 3495 2242 3563 aestimabis,

408 3607 671 3673 Eadem
699 3607 1114 3695 praepositio
1145 3607 1536 3693 germanice
1568 3604 2008 3693 exprimenda
2056 3610 2158 3669 est
2190 3606 2440 3667 ‘unten
2470 3600 2587 3665 an'

225 3713 303 3779 in
351 3712 457 3779 his
503 3715 830 3803 exemplis
875 3715 984 3779 ΠΙ
1017 3723 1072 3799 2,
1109 3722 1146 3779 5
1181 3713 1332 3779 ‘sub
1364 3714 1596 3779 Aetna
1627 3764 1640 3777 .
1675 3764 1687 3776 .
1734 3710 1928 3777 flexit
1976 3710 2230 3795 equos‘.
2291 3709 2328 3773 I
2362 3715 2462 3791 20,
2498 3715 2583 3771 33

227 3820 385 3886 ‘sub
431 3820 691 3887 vertice
735 3821 990 3886 montis
1039 3872 1052 3885 .
1086 3872 1100 3885 .
1147 3819 1430 3885 domus’.
1523 3821 1646 3886 Ov.
1692 3816 1893 3883 Trist.
1940 3816 1977 3881 I
2025 3824 2081 3900 3,
2135 3822 2213 3881 19
2584 3828 2591 3832 “

453 3929 659 3994 ‘Nata
704 3929 944 4015 procul
987 3928 1270 4014 Libycis
1318 3927 1553 3993 aberat
1602 3978 1615 3991 .
1649 3978 1662 3991 .
1711 3924 1836 3991 sub
1885 3924 2065 3989 oris'.

407 4035 559 4099 Am.
608 4036 717 4099 ΠΙ
765 4044 828 4119 5,
878 4043 961 4100 43
1029 4034 1340 4101 ‘adverso
1403 4035 1707 4099 maculae
1770 4031 1895 4098 sub
1955 4038 2236 4125 pectore
2299 4026 2586 4113 nigrae’.

227 4142 251 4207 (
263 4140 408 4207 Cfr.
485 4140 786 4207 eiusdem
863 4141 1119 4228 elegiae
1202 4164 1300 4206 vs
1361 4148 1451 4205 26
1524 4140 1775 4227 ‘niger¹
1827 4139 1902 4204 in
1977 4158 2223 4203 vaccae
2308 4141 2586 4222 pectore

228 4248 412 4313 livor
459 4249 672 4330 erat’.)

295 4481 302 4487 ’
413 4481 453 4550 ²)
491 4479 742 4550 Madvig,
783 4479 1011 4533 Advers.
1051 4477 1170 4534 crit.
1210 4479 1260 4532 II
1296 4497 1350 4548 p.
1379 4479 1464 4532 65.-
