3092 5117
1385 379 1783 435 -4—

587 554 643 612 6.
706 547 796 612 In
838 546 1178 635 particula
1223 548 1344 613 ‘et’
1392 546 1718 613 maiorem
1762 547 1907 613 vim
1950 547 2187 631 inesse,
2232 554 2313 613 ut
2352 546 2441 613 ad
2484 568 2758 613 accura-

404 654 544 722 tius
613 654 1212 743 interpretandum
1285 654 1702 721 elocutiones
1778 657 1874 720 ‘et
1936 654 2191 720 tamen’
2262 657 2359 719 ‘et
2421 652 2755 742 profecto’

405 762 712 848 aliaeque
759 761 902 827 sint
952 761 1398 846 adhibendae,
1446 768 1690 828 notum
1737 768 1856 828 est.
1871 760 1923 849 1)

583 868 672 934 In
716 892 812 934 vs.
844 868 947 935 IV
995 876 1051 953 4,
1104 876 1184 933 63
1234 868 1356 933 ‘Et
1401 868 1538 933 iam
1586 876 1831 955 quarta
1878 868 2068 933 canit
2112 874 2478 934 venturam
2506 866 2761 933 bucina

405 975 650 1042 lucem’
701 975 769 1061 (i.
803 998 854 1040 e.
899 974 996 1039 Et
1041 1014 1131 1025 --
1177 997 1347 1041 ecce.
1422 974 1669 1041 Baehr.
1715 976 1890 1040 male
1940 974 2081 1039 ‘En
2124 975 2314 1062 iam’)
2359 974 2437 1039 L.
2469 974 2761 1040 Mueller

407 1106 493 1148 ex
520 1081 989 1149 Luetiohanni
1033 1083 1294 1170 (comm.
1325 1081 1434 1147 Pr.
1481 1105 1545 1170 p.
1582 1084 1691 1170 17)
1739 1081 2131 1148 coniectura
2176 1081 2341 1148 ‘Sed
2387 1081 2546 1147 iam'
2596 1081 2759 1147 scri-

406 1188 577 1255 bens
633 1187 765 1253 sibi
818 1210 959 1255 non
1015 1188 1353 1273 constitit,
1421 1188 1745 1273 quoniam
1789 1187 2219 1253 Lachmanni
2274 1188 2760 1254 correctionem

407 1296 889 1384 repudiaverat
952 1294 1031 1360 in
1077 1317 1283 1361 versu
1327 1295 1400 1359 H
1449 1302 1551 1379 30,
1602 1301 1634 1361 1
1647 1303 1678 1361 1
1749 1296 2018 1361 ‘tollere
2081 1317 2441 1381 nunquam
2494 1295 2760 1383 (Amor)

623 1402 718 1468 Te
764 1402 1068 1490 patietur
1110 1402 1317 1468 humo
1363 1402 1625 1467 lumina
1670 1408 1871 1489 capta
1915 1402 2137 1468 semel.

624 1509 762 1576 Sed
806 1509 944 1575 iam
990 1509 1049 1574 si
1093 1531 1348 1597 pecceS,
1396 1508 1562 1574 deus
1611 1508 1971 1575 exorabilis
2018 1508 2244 1574 illest'.

589 1617 738 1694 Quo
769 1615 846 1680 in
877 1615 1236 1681 enuntiato
1269 1613 1584 1681 codicum
1614 1607 1981 1681 lectionem
2012 1615 2131 1680 ‘Et
2162 1615 2321 1680 iam’
2369 1615 2411 1682 i.
2446 1638 2499 1681 e.
2532 1614 2644 1681 ‘Et
2678 1654 2759 1665 -·

409 1723 662 1789 tamen'
685 1722 1093 1789 servandam
1126 1744 1266 1787 esse
1300 1727 1462 1787 ante
1493 1744 1603 1787 me
1620 1720 2121 1807 Hertzbergius
2155 1719 2525 1787 affirmavit
2554 1728 2763 1808 atque

409 1836 702 1915 utroque
731 1829 880 1894 loco
914 1828 1225 1893 codicum
1256 1828 1629 1894 auctoritas
1661 1828 1745 1893 ab
1771 1828 2080 1915 Hauptio
2101 1828 2549 1913 Vahlenoque
2577 1835 2762 1895 recte

412 1935 798 2020 observata,
866 1956 944 2001 eo
999 1934 1336 2019 firmatur,
1403 1934 1589 2019 quod
1643 1922 2081 2023 Propertium
2137 1933 2397 2021 ubique
2457 1936 2763 2022 posuisse

413 2043 535 2108 ‘Et
579 2043 739 2108 iam’
787 2042 1262 2108 animadverti.
1356 2040 1496 2107 Ofr.
1542 2042 1580 2107 Ι
1628 2049 1729 2126 20,
1779 2049 1881 2109 19.
1970 2042 2045 2106 H
2100 2048 2201 2127 28,
2251 2049 2361 2125 373
2412 2049 2513 2125 29,
2564 2051 2665 2111 20.

590 2149 854 2215 Eadem
897 2148 1002 2215 vis
1048 2148 1425 2237 particulae
1481 2149 1603 2214 ‘et'
1651 2148 1728 2213 in
1781 2148 2303 2236 percontatione
2360 2156 2482 2214 aut
2526 2148 2605 2214 in
2650 2172 2763 2214 ex-

415 2257 820 2323 clamatione
863 2255 1126 2344 positae
1156 2254 1526 2321 tribuenda
1575 2262 1693 2321 est.
1758 2257 1959 2343 Prop.
1991 2255 2028 2320 I
2078 2260 2177 2339 15,
2229 2262 2308 2321 37
2360 2256 2481 2321 ‘Et
2527 2262 2767 2321 contra

411 2385 740 2451 magnum
774 2369 968 2451 potes
1001 2362 1123 2428 hos
1155 2364 1454 2450 (ocellos)
1501 2364 1816 2429 attollere
1862 2364 2072 2429 solem
2107 2362 2252 2428 Nec
2296 2362 2531 2429 tremis
2540 2362 2586 2427 ’θ’
2632 2362 2677 2429 i.
2712 2386 2763 2430 e.

412 2472 511 2537 Et
553 2510 642 2521 —-
689 2478 936 2537 tamen.

413 2577 517 2645 IV
563 2586 621 2662 4,
672 2584 750 2643 17
848 2576 969 2642 ‘Et
1015 2575 1180 2641 satis
1226 2598 1363 2641 una
1407 2576 1623 2641 malae
1668 2575 1899 2663 potuit
1942 2598 2122 2641 mors
2171 2599 2312 2642 esse
2355 2577 2639 2664 puellae,

951 2682 1140 2761 Quae
1185 2682 1407 2749 voluit
1451 2682 1755 2748 flammas
1800 2681 2057 2768 fallere,
2102 2683 2331 2767 Vesta,
2376 2683 2593 2749 tuas?

414 2791 457 2857 i.
491 2814 544 2857 e.
588 2790 686 2855 Et
733 2829 818 2839 —
863 2788 1189 2878 profecto

593 2896 630 2961 I
679 2902 778 2979 17,
831 2901 863 2961 1
916 2895 1036 2961 ‘Et
1079 2896 1342 2981 merit0‚
1391 2896 1715 2981 quoniam
1760 2896 1959 2985 potui
2003 2895 2263 2984 fugisse
2309 2896 2631 2984 puellam!

416 3004 458 3068 i.
492 3026 546 3069 e.
603 3003 723 3069 ‘Et
775 3001 1110 3091 profecto'
1169 3003 1541 3089 eademque
1597 3004 1934 3091 particula
1980 3003 2438 3090 significatur,
2495 3009 2769 3092 poetam

417 3109 550 3175 alia
598 3109 924 3193 omisisse,
982 3132 1154 3194 quae
1209 3110 1647 3197 praemittere
1692 3117 1937 3197 posset.
2031 3108 2169 3175 Gfr.
2220 3133 2393 3196 quae
2438 3110 2523 3175 de
2567 3132 2768 3176 voca-

416 3214 596 3281 bulis
629 3216 833 3301 ‘ergo’
869 3222 940 3281 et
972 3216 1140 3281 ‘sed'
1175 3215 1466 3282 disserui
1509 3239 1573 3304 p.
1609 3224 1710 3282 22.
1774 3217 1897 3283 Ov.
1930 3216 2082 3281 Am.
2115 3217 2224 3282 IH
2258 3224 2314 3301 8,
2351 3225 2382 3283 1
2434 3217 2555 3283 ‘Et
2586 3216 2768 3302 quis-

418 3345 624 3409 quam
667 3322 1001 3407 ingenuas
1050 3322 1445 3388 etiamnunc
1491 3323 1780 3411 suscipit
1826 3324 2071 3389 arteSP'

595 3429 697 3494 111
745 3436 802 3513 3,
853 3437 954 3495 33.
1016 3429 1177 3495 Her.
1222 3430 1330 3495 ΠΙ
1366 3436 1512 3496 115.
1575 3430 1739 3498 Met.
1769 3431 1877 3497 IX
1931 3439 2077 3499 203.
2140 3432 2287 3497 ΧΠ
2320 3440 2465 3499 470.
2542 3430 2769 3518 Lygd.

421 3545 478 3621 4,
528 3544 584 3602 9.
649 3538 854 3623 Verg.
887 3536 1060 3603 Aen.
1092 3538 1195 3603 VI
1228 3544 1374 3604 806.
1438 3536 1632 3605 Alios
1669 3540 1851 3605 locos
1880 3539 1994 3606 vd.
2028 3563 2130 3628 ap.
2161 3540 2391 3607 Hand.
2422 3540 2495 3605 H
2523 3563 2587 3628 p.
2622 3547 2770 3607 493.

415 3644 523 3708 De
569 3643 766 3731 Prop.
815 3666 912 3711 vs.
944 3643 1017 3708 H
1066 3651 1168 3728 27,
1219 3650 1251 3710 1
1324 3644 1446 3711 ‘Et
1489 3667 1615 3711 vos
1678 3646 2033 3731 incertam,
2098 3648 2443 3731 mortaleS,
2508 3646 2769 3712 funeris

418 3750 655 3815 horam
703 3750 1092 3827 Quaeritis’.
1169 3751 1510 3817 examines
1555 3748 1782 3832 velim,
1830 3775 2003 3838 quae
2050 3753 2400 3841 disputavi
2443 3776 2507 3841 p.
2543 3759 2643 3819 18.

603 3864 657 3923 7.
720 3857 1133 3923 Praesertim
1163 3858 1530 3945 negatione
1561 3860 1929 3946 praemissa
1962 3860 2333 3926 contrarias
2375 3860 2770 3945 sententiaa,

424 3965 657 4050 quales
703 3960 904 4030 nobis
955 3988 1096 4031 esse
1151 3964 1547 4050 videantur,
1601 3967 1716 4033 vel
1770 3966 1854 4032 ab
1902 3967 2177 4055 optimis
2234 3968 2562 4033 sermonis
2615 3990 2770 4056 pro-

422 4071 587 4137 saici
651 4071 1096 4159 scriptoribus
1159 4073 1536 4160 particulae
1602 4074 2032 4161 copulativae
2096 4073 2349 4140 auxilio
2412 4074 2770 4140 adiunctas

423 4200 567 4243 esse
630 4179 811 4245 inter
878 4201 1107 4245 omnes
1166 4187 1453 4246 constat.
1546 4181 1679 4247 Oui
1731 4181 2059 4267 loquendi
2102 4181 2279 4247 mori
2328 4202 2483 4247 cum
2526 4189 2770 4270 poetae

602 4409 644 4480 1)
681 4408 791 4465 Cfr.
830 4409 1232 4482 Naegelsbach,
1269 4411 1392 4466 Lat.
1431 4411 1677 4467 Stilistik
1713 4413 1834 4467 616.
