3092 5117
1387 397 1826 455 -38-

653 568 771 633 ‘Et
817 568 1071 634 struxit
1117 568 1429 653 querulas
1475 590 1678 632 rauca
1722 590 1844 655 per
1890 589 2037 632 ossa
2050 568 2099 651 1)
2146 566 2388 632 tubas'.

609 673 807 752 Quod
837 671 1260 741 Lachm.'cui
1275 675 1532 762 Haupt.
1565 680 1634 739 et
1651 674 1847 738 Vahl.
1880 675 2133 739 assensi
2164 680 2341 756 sunt,
2370 695 2467 738 VS.
2496 673 2532 736 I
2556 677 2663 754 15,
2686 679 2765 737 21

654 781 1007 867 ‘Coniugis
1051 781 1339 846 Euadne
1382 781 1661 845 miseros
1711 780 1886 845 elata
1931 802 2052 866 per
2096 779 2290 865 ignes
2337 779 2650 845 Occidit’.

433 884 708 952 ‘ablata'
756 888 1134 975 scripserat,
1181 886 1459 953 Hertzb.
1492 909 1763 975 operam
1811 885 2017 968 dedit,
2064 894 2143 951 ut
2191 885 2502 951 codicum
2537 886 2775 951 lectio-

431 1016 587 1058 nem
651 992 1066 1059 defenderet.
1175 993 1313 1059 Sed
1374 993 1576 1059 huius
1639 993 2033 1080 interpretis
2096 1000 2303 1077 atque
2365 992 2775 1057 Baehrentis

433 1101 680 1187 opiniO,
727 1102 936 1168 verba
983 1106 1130 1190 ‘per
1175 1101 1396 1187 ignes’
1430 1122 1585 1165 cum
1616 1099 1917 1165 ‘occidit'
1966 1100 2179 1164 artius
2227 1103 2370 1164 esse
2407 1098 2778 1185 iungenda,

431 1206 586 1272 ideo
631 1231 771 1273 non
815 1208 1065 1296 placet,
1125 1208 1287 1292 quia
1329 1207 1554 1273 locum
1598 1206 1702 1271 illi
1746 1205 2165 1280 simillimum
2209 1206 2446 1272 inveni
2496 1204 2602 1294 ap.
2650 1206 2776 1271 Ov.

430 1314 594 1379 Met.
627 1315 727 1381 VI
760 1323 884 1380 282
935 1316 1258 1400 “Corque
1302 1313 1525 1379 ferum
1571 1314 1767 1380 satia'
1817 1313 1994 1378 dixit
2042 1317 2187 1400 ‘per
2232 1312 2474 1378 funera
2514 1320 2779 1400 septem

432 1419 768 1487 Efferor.”
873 1422 1072 1499 Quod
1137 1422 1565 1487 enuntiatum
1629 1420 2066 1507 praecedenti
2127 1420 2519 1485 hexametro
2582 1422 2779 1485 uncis

432 1527 692 1593 incluso
739 1529 1105 1593 Merkelius
1153 1527 1489 1594 intactum
1532 1527 1829 1611 reliquit.
2562 1548 2565 1551 ’

613 1642 668 1699 5.
746 1636 926 1701 Post.

611 1745 674 1824 a)
739 1742 874 1807 Pro
917 1742 1210 1808 formula
1257 1746 1322 1807 ‘a
1365 1742 1587 1828 tergo’
1638 1741 1928 1807 elocutio
1976 1744 2155 1827 ‘post
2194 1740 2415 1826 terga’
2448 1746 2780 1827 usurpata

433 1842 750 1936 apparet:
840 1850 949 1914 Pr.
1005 1850 1080 1913 H
1127 1857 1236 1933 10,
1290 1857 1386 1915 13.
1488 1850 1609 1914 Ov.
1656 1849 1841 1912 Fast.
1898 1848 1997 1912 IV
2047 1853 2192 1913 281.
2282 1846 2444 1911 Met.
2498 1846 2571 1910 H
2633 1853 2781 1911 187.

429 1953 672 2023 Iuven.
721 1956 904 2021 XIII
954 1964 985 2021 1
998 1964 1052 2021 6.

612 2061 682 2145 b)
747 2064 1009 2151 Optimi
1053 2064 1313 2129 solutae
1359 2062 1685 2129 orationis
1725 2061 2085 2147 scriptores
2116 2060 2552 2147 participium
2584 2058 2779 2123 addi-

436 2166 694 2233 dissent
747 2170 822 2234 in
873 2170 980 2235 his
1037 2170 1386 2257 exemplis:
1451 2171 1561 2235 Pr.
1608 2168 1718 2233 HI
1767 2173 1832 2252 1,
1883 2175 1964 2232 36
2031 2168 2261 2231 ‘Illum
2315 2173 2471 2253 post
2517 2166 2779 2231 cineres

435 2297 735 2360 auguror
787 2277 933 2364 ipse
979 2278 1201 2343 diem'.
1295 2278 1415 2343 Ov.
1461 2277 1573 2342 Ex
1618 2277 1692 2341 P.
1739 2274 1842 2341 IV
1890 2280 1999 2357 16,
2053 2281 2132 2339 13
2200 2274 2573 2357 ‘Famaque
2621 2280 2780 2360 post

437 2382 696 2447 cineres
741 2385 954 2449 maior
998 2384 1233 2449 venit’.
1323 2384 1485 2449 Met.
1532 2383 1708 2447 Vm
1758 2389 1902 2448 539.
1976 2382 2175 2445 Mart.
2222 2380 2260 2443 I
2312 2387 2363 2463 1,
2416 2388 2471 2444 6.
2760 2376 2763 2381 ’

614 2490 677 2576 c)
741 2490 826 2554 In
869 2481 964 2555 v's.
997 2491 1069 2555 H
1118 2499 1172 2575 3,
1223 2498 1304 2556 32
1355 2492 1542 2555 ‘Post
1573 2490 1910 2555 Helenam
1955 2487 2121 2553 haec
2166 2488 2366 2552 terris
2413 2485 2632 2551 forma
2677 2509 2782 2551 se-

436 2594 660 2660 cunda
689 2597 914 2661 redit’.
951 2598 1363 2685 praepositio
1394 2596 1871 2684 principatum,
1904 2617 2103 2680 quem
2136 2594 2287 2679 quis
2319 2600 2529 2677 tenet,
2562 2594 2781 2679 signi-

433 2700 610 2766 ficat.
677 2703 812 2779 Qui
855 2727 1015 2769 usus
1064 2726 1216 2769 cum
1246 2726 1382 2769 uno
1413 2703 1578 2768 Hor.
1625 2702 1771 2767 loco
1796 2702 1926 2765 ἸΠ
1960 2708 2015 2785 9,
2052 2708 2088 2765 6
2138 2700 2223 2765 ab
2255 2699 2531 2764 Handio
2574 2706 2782 2783 atque

434 2804 934 2897 lexicographis
967 2811 1173 2877 allato
1205 2808 1697 2897 comprobetur,
1730 2808 1894 2873 alios
1926 2807 2243 2893 adiungo.
2284 2807 2405 2872 Ov.
2424 2806 2587 2871 Met.
2608 2806 2673 2871 V
2695 2812 2776 2871 97

659 2916 1080 3005 ‘Cephenum
1125 2924 1280 3004 post
1322 2940 1554 3003 regem
1599 2917 1857 3003 primus
1902 2914 2237 2980 Hodites'.
2330 2913 2437 2977 Tr.
2485 2914 2550 2978 V
2584 2920 2640 2996 9,
2694 2918 2724 2977 1
2744 2921 2781 2977 2

658 3022 926 3088 ‘Gratia
970 3031 1124 3110 post
1170 3045 1452 3109 magnos
1501 3030 1603 3088 est
1647 3020 1778 3087 tibi
1822 3020 2136 3085 habenda
2181 3019 2383 3084 deos’.

617 3136 672 3193 6.
737 3129 998 3195 Vocula
1045 3132 1374 3219 ‘propter’
1421 3130 1694 3195 finalem
1739 3127 2087 3193 notionem
2135 3126 2471 3191 contineri
2518 3125 2603 3190 ab
2637 3148 2778 3191 om-

441 3234 643 3300 nibus
690 3236 906 3301 doctis
953 3244 1279 3323 negatum
1325 3243 1444 3301 est.
1533 3235 1633 3300 At
1680 3234 2033 3299 considera
2078 3255 2172 3297 vs.
2222 3233 2329 3296 Pr.
2378 3232 2450 3295 H
2500 3239 2555 3315 9,
2606 3240 2685 3297 25

659 3344 874 3409 ‘Haec
919 3344 1089 3408 mihi
1134 3351 1296 3409 vota
1340 3351 1531 3408 tuam
1575 3348 1855 3429 propter
1901 3345 2211 3425 suscepta
2257 3338 2607 3403 salutemP’

437 3448 676 3533 Neque
707 3450 932 3515 minus
965 3449 1289 3516 Ovidium
1317 3450 1492 3514 hanc
1521 3446 1852 3532 loquendi
1881 3446 2227 3511 licentiam
2258 3444 2389 3509 sibi
2421 3445 2783 3533 sumpsisse

438 3556 497 3620 is
544 3557 885 3641 concedet,
933 3557 1054 3641 qui
1097 3579 1194 3621 VS.
1243 3556 1444 3620 Trist.
1491 3556 1564 3619 H
1611 3561 1736 3619 375

660 3663 822 3728 ‘Aut
871 3664 1038 3748 quid
1085 3663 1384 3749 Odyssea
1431 3669 1550 3745 est,
1594 3660 1732 3724 nisi
1777 3658 2031 3724 femina
2076 3664 2358 3745 propter
2404 3680 2716 3738 amorem,

658 3771 844 3834 Dum
886 3770 998 3837 vir
1045 3768 1253 3853 abest,
1297 3769 1530 3833 multis
1576 3789 1713 3831 una
1758 3766 1976 3852 petita
2021 3764 2306 3852 procis‘?'

437 3876 862 3941 voluntatem
909 3898 1270 3963 procorum
1316 3881 1384 3941 et
1428 3881 1669 3963 poetae
1716 3872 2073 3937 consilium
2120 3871 2579 3957 exemplorum
2627 3891 2783 3956 pro—

438 3983 934 4071 ponendorum,
991 4005 1164 4068 quae
1211 3982 1483 4047 Caesari
1525 3980 1980 4068 persuadeant
2037 3977 2121 4043 de
2167 3977 2453 4042 aliorum
2498 3976 2784 4063 scripto-

440 4110 593 4153 rum
635 4090 824 4175 turpi
871 4097 1291 4176 argumentO,
1336 4087 1671 4174 respiciet.

621 4338 662 4407 ¹)
702 4336 810 4391 Cfr.
835 4335 1147 4401 Bluemner,
1186 4334 1557 4405 Technologie
1582 4353 1633 4389 u.
1661 4332 2070 4402 Terminologie
2106 4330 2157 4384 d.
2186 4330 2449 4385 Gewerbe
2485 4349 2537 4386 u.
2563 4298 2783 4411 liiinste

440 4426 532 4481 bei
568 4424 658 4480 Gr.
695 4444 748 4481 u.
786 4426 944 4480 Rom.
1019 4425 1069 4478 II
1114 4444 1166 4496 p.
1195 4426 1316 4480 396.
1356 4425 1477 4480 394.
2576 4426 2579 4429 ’
2728 4426 2733 4429 ’
