3092 5117
1243 406 1690 470 —11—

285 588 470 646 esset
514 578 745 647 verbis
801 582 958 647 ‘non
1011 580 1349 667 ingenuos
1394 580 1636 670 pudet,
1690 604 1834 647 non
1881 580 1976 646 eis
2024 604 2213 648 amor
2254 582 2643 649 reticendus

287 688 483 774 (est)',
531 688 796 773 aliquid
852 688 1019 754 novi
1073 695 1280 773 atque
1325 688 1629 753 inauditi
1678 686 2161 776 proposuisset.
2254 688 2444 765 Quae
2490 711 2645 754 cum

283 793 391 859 ita
437 794 593 878 sint,
639 792 887 881 accipe,
935 816 1142 879 quam
1196 795 1607 859 sententiam
1663 794 1793 859 sub
1844 793 2123 859 traditis
2168 794 2432 860 voculis
2488 795 2641 861 ‘aut’

281 900 641 966 subiciam.
732 900 943 965 Edito
989 900 1221 966 libello
1267 902 1668 989 Propertius
1712 899 1949 965 fabula
1995 899 2223 966 subito
2269 899 2493 966 factus
2542 908 2645 967 est

288 1006 532 1073 eodem
561 1006 764 1072 modo
796 1013 1004 1091 atque
1033 1006 1364 1072 Horatius
1395 1007 1547 1094 (Ep.
1568 1007 1680 1071 XI
1716 1014 1749 1071 7
1785 1011 1924 1095 ‘per
1952 1006 2209 1091 urbem,
2240 1028 2400 1072 nam
2429 1007 2646 1095 pudet

287 1115 476 1179 tanti
506 1114 685 1198 mali,
715 1114 984 1179 Fabula
1013 1121 1271 1199 quanta
1307 1112 1431 1198 fui,
1473 1114 1949 1180 conviviorum
1980 1121 2050 1179 et
2078 1114 2456 1203 paenitet').
2507 1115 2647 1181 Sed

284 1227 567 1286 tantum
587 1220 796 1305 abest,
818 1227 899 1286 ut
916 1227 1148 1286 noster
1177 1228 1398 1308 poeta,
1431 1220 1611 1285 sicut
1629 1220 1977 1305 HoratiUS,
2009 1243 2156 1285 rem
2186 1220 2287 1285 ita
2305 1244 2377 1287 se
2395 1222 2646 1288 habere

283 1327 638 1393 liberrime
670 1327 1095 1405 confiteatur,
1136 1335 1216 1394 ut
1257 1350 1636 1394 sermonem
1675 1328 1905 1394 levare
1946 1327 2238 1393 studeat.
2305 1328 2551 1415 Itaque
2584 1330 2648 1395 ei

290 1434 612 1518 obicitur,
645 1458 788 1500 sese
819 1433 1222 1519 neutiquam
1261 1435 1574 1500 obtinere
1613 1435 1968 1519 antiquam
2009 1435 2255 1500 amoris
2295 1436 2647 1520 rationem,

285 1564 468 1626 quae
497 1541 588 1607 sit
619 1545 757 1607 ‘aut
775 1541 998 1629 pudor
1023 1542 1366 1628 ingenuus
1387 1540 1844 1628 (freimiitiges
1875 1542 2074 1626 soh),
2104 1549 2225 1607 aut
2253 1542 2647 1609 reticendus

287 1650 498 1715 amor'
533 1649 675 1733 (ein
692 1649 1226 1736 Verschweigen
1256 1649 1374 1715 des
1404 1648 1871 1733 Liebesverh.)
1939 1649 2200 1726 Quodsi
2238 1649 2314 1714 in
2346 1656 2649 1715 extrema

287 1755 482 1821 vocis
503 1757 878 1843 ‘ingenuus’
899 1756 1162 1843 syllaba
1180 1756 1489 1840 offendis,
1500 1755 1797 1844 Hauptii
1814 1756 2266 1822 mutationem
2287 1754 2643 1842 ‘ingenuis’

285 1862 540 1951 probes
557 1862 812 1928 licebit.
859 1862 1100 1948 Neque
1120 1863 1302 1927 enim
1330 1863 1451 1928 illa
1479 1864 2042 1951 interpretationi
2069 1885 2256 1928 meae
2273 1861 2552 1928 nocebit
2564 1862 2645 1950 1);

289 1970 431 2035 nisi
451 1970 653 2055 quod,
687 1991 844 2034 cum
871 1971 1031 2035 talis
1063 1970 1444 2036 sententiae
1473 1970 1752 2036 habitus
1770 1972 2089 2059 postulet,
2120 1977 2201 2035 ut
2234 1969 2477 2057 copula
2507 1970 2645 2035 ‘est'

291 2078 709 2165 suppleatur,
727 2076 933 2163 vigor
959 2076 1283 2143 orationis
1303 2077 1791 2164 Propertianae
1820 2078 2251 2162 aliquantum
2279 2076 2646 2142 minuetur.

287 2184 394 2250 Ut
443 2206 571 2270 ego
617 2183 694 2247 in
737 2183 1070 2249 librorum
1115 2182 1528 2272 scriptorum
1572 2184 1870 2249 lectione
1916 2205 2438 2272 perseverarem,
2484 2181 2648 2248 inde

287 2288 557 2355 factum
577 2295 696 2372 est,
717 2289 902 2373 quod
918 2295 1151 2355 noster
1170 2295 1376 2378 poeta
1392 2290 1468 2354 in
1488 2290 1723 2355 eodem
1742 2290 2157 2378 pentametri
2165 2289 2340 2378 pede
2357 2288 2649 2355 formam

290 2394 481 2461 verbi
526 2395 854 2461 vincendi
898 2396 1129 2484 posuit
1172 2397 1248 2462 Π
1294 2404 1331 2462 8
1384 2404 1421 2462 8
1472 2398 1803 2463 ‘Vinceris
1849 2405 1972 2464 aut
2014 2398 2255 2481 vincis,
2302 2395 2573 2484 haec’.²)

473 2500 573 2567 At
626 2523 1059 2587 nequaquam
1101 2503 1378 2568 Lachm.
1435 2503 1634 2568 illum
1688 2526 1962 2569 versum
2016 2504 2101 2569 ab
2157 2504 2647 2591 interpolatore

287 2608 683 2698 profectum
731 2632 873 2675 esse
920 2616 1105 2675 recte
1150 2610 1502 2676 iudicavit.
1594 2610 1878 2676 Etenim
1922 2610 2181 2677 formae
2225 2610 2423 2677 verbi
2469 2610 2646 2676 ‘esse’

287 2738 436 2782 non
482 2715 596 2780 hic
641 2716 861 2781 solum
906 2716 1321 2804 repudiatae,
1369 2716 1487 2781 sed
1535 2716 1742 2782 etiam
1786 2717 1897 2782 [H
1947 2723 2046 2801 13,
2095 2724 2175 2783 61

509 2822 735 2887 ‘Certa
765 2822 1025 2907 loquor,
1067 2823 1187 2887 sed
1217 2823 1407 2888 nulla
1435 2822 1634 2888 fides:
1681 2846 1903 2908 neque
1935 2824 2119 2888 enim
2148 2824 2271 2890 Ilia
2304 2824 2648 2909 quondam

616 2927 846 2993 Verax
865 2920 869 2925 ’
890 2930 1283 3017 Pergameis
1329 2952 1602 2995 maenas
1648 2929 1965 2995 habenda
2006 2930 2243 2996 malis’.

287 3044 654 3121 testantur,
701 3036 1048 3103 talismodi
1093 3044 1469 3102 structuras
1515 3036 1862 3124 Propertii
1905 3037 2215 3124 proprias
2265 3060 2423 3103 esse.

475 3144 770 3233 Hauptii
817 3144 1228 3209 sententiam
1258 3143 1509 3228 reliqui
1540 3144 1765 3209 critici
1794 3143 2014 3209 secuti
2045 3151 2223 3210 sunt.
2298 3144 2648 3210 Baehrens

290 3252 577 3337 quidem
623 3252 776 3316 ‘aut'
825 3251 1130 3333 retinuit,
1178 3273 1418 3315 verum
1462 3250 1818 3335 ,ingenuis’
1865 3256 2071 3336 atque
2126 3251 2317 3316 nulla
2361 3251 2649 3316 necessi-

287 3366 441 3425 tate
489 3366 780 3445 cogente
828 3358 1265 3424 ‘retinendus’
1315 3358 1603 3445 scripsit.

478 3474 534 3533 2.
598 3467 772 3531 Cum
819 3466 1196 3554 complures
1241 3465 1441 3546 locos,
1486 3464 1611 3529 ubi
1654 3464 1966 3550 negativi
2010 3464 2329 3530 vocabuli
2373 3464 2517 3529 vim
2563 3464 2651 3529 ad

289 3579 659 3658 sequentes
713 3573 990 3639 voculas
1047 3572 1201 3638 ‘aut'
1259 3579 1328 3637 et
1383 3572 1502 3637 ‘ve’
1559 3571 1903 3660 pertinere
1959 3578 2275 3659 apertum
2330 3578 2458 3655 est,
2513 3571 2651 3636 iam

289 3679 648 3746 'Vahlenus
663 3678 713 3762 ⁸)
763 3679 1088 3763 attulerit,
1135 3679 1567 3764 relinquitur,
1613 3686 1693 3744 ut
1740 3678 1816 3742 hi
1864 3684 2499 3745 commemorentur:

479 3912 520 3981 1)
559 3910 703 3963 Nam
747 3909 844 3963 hic
888 3926 1108 3979 quoque
1145 3910 1329 3965 verbis
1368 3910 1488 3964 ‘Cui
1523 3927 1637 3966 non
1677 3951 1688 3963 .
1730 3950 1743 3962 .
1780 3908 2086 3980 adspergat
2129 3912 2386 3977 tempora
2422 3908 2587 3963 sudor
2596 3908 2645 3960 ‘?'

293 3999 566 4069 respectis
611 3999 952 4068 interpretor
999 3999 1131 4053 ‘Aut
1175 3998 1356 4068 pudor
1411 3997 1689 4053 mendacii
1742 3997 1999 4068 ingenuis
2052 3998 2179 4066 (est)
2192 4038 2205 4063 ,
2265 4000 2397 4053 aut'.
2472 3997 2652 4053 Aliter

295 4089 484 4145 locum
507 4089 696 4157 Paley‚
735 4088 890 4142 cuius
927 4086 988 4140 in
1024 4086 1270 4141 editione
1295 4086 1547 4157 (London
1575 4086 1733 4156 1872)
1770 4102 1998 4155 perraro
2036 4085 2321 4140 invenitur
2344 4085 2651 4156 quidquam

292 4179 448 4247 novi,
484 4177 765 4233 intellexit
803 4176 933 4231 ‘Aut
966 4176 1150 4247 pudor
1184 4175 1314 4229 talis
1350 4175 1572 4247 (turpis)
1610 4175 1813 4230 amoris
1848 4174 2107 4246 ingenuis
2147 4178 2247 4241 est,
2285 4176 2417 4229 aut'.

479 4268 522 4339 ²)
560 4267 642 4323 De
679 4265 806 4321 aliis
841 4265 1051 4331 verbis,
1099 4282 1333 4333 quorum
1370 4264 1574 4318 ultima
1609 4264 1827 4333 syllaba
1870 4264 1932 4318 in
1967 4264 2077 4319 hac
2110 4263 2453 4334 pentametri
2487 4268 2650 4335 parte

293 4358 574 4427 producta
609 4358 862 4427 apparet,
901 4358 957 4409 te
994 4354 1218 4410 docebit
1253 4352 1501 4420 Mueller,
1540 4354 1610 4408 de
1647 4371 1707 4408 re
1745 4356 1907 4408 metr.
1943 4373 1998 4424 p.
2037 4354 2161 4411 331.

481 4446 522 4516 3)
563 4444 670 4499 cfr.
696 4443 929 4511 Vahlen,
967 4444 1305 4499 Monatsber.
1344 4443 1396 4498 d.
1436 4442 1618 4498 Akad.
1658 4442 1711 4495 d.
1738 4442 1904 4497 Wiss.
1942 4461 2011 4497 zu
2036 4442 2223 4500 Berlin
2252 4443 2407 4500 1881.
2446 4462 2501 4513 p.
2527 4442 2650 4507 337,
