3092 5117
1205 394 1649 455 ...27-

235 563 592 631 Nimirum
620 572 862 653 potest,
892 572 974 630 ut
1003 565 1272 653 poetico
1307 588 1494 633 more
1531 580 1693 632 saxa
1728 567 2077 633 animandi
2106 569 2244 653 (vd.
2275 591 2340 635 v.
2365 568 2465 635 19.
2490 574 2599 653 21)

236 670 650 759 Propertius
695 671 890 737 illum
934 672 1212 737 modum
1259 674 1578 759 posuerit.
1669 673 1799 739 His
1846 680 2031 739 certe
2074 675 2241 740 locis
2288 683 2601 763 optatum

241 778 714 863 cognoscitur:
747 778 892 843 Tib.
923 778 997 843 Π
1031 787 1086 863 4,
1121 786 1203 846 59
1253 778 1354 845 ι81
1372 779 1574 846 modo
1604 802 1713 845 me
1743 780 2013 868 placido
2044 779 2279 847 videat
2296 782 2602 849 Nemesis

238 904 401 949 mea
452 885 656 950 vultu
688 937 701 949 .
735 935 748 949 .
782 884 1056 951 bibam'.
1109 885 1147 950 I
1179 894 1236 969 2,
1283 892 1381 951 71.
1457 886 1562 951 IV
1595 893 1650 970 1,
1686 893 1831 972 198.
1901 886 2096 952 Nihil
2124 895 2355 953 autem
2382 889 2605 977 optati

241 986 684 1078 intellegitur
748 1014 850 1079 ap.
917 991 1114 1058 Ovid.
1159 992 1324 1058 Met.
1370 992 1409 1056 Ι
1456 999 1581 1058 647
1642 994 1813 1057 ‘Nec
1866 994 2124 1059 retinet
2175 995 2485 1061 lacrimas
2533 1003 2603 1063 et

242 1098 308 1161 si
361 1098 564 1163 modo
619 1097 830 1164 verba
884 1105 1274 1183 sequantur,
1319 1100 1486 1164 Oret
1531 1100 1771 1187 opem'.
1863 1100 1969 1165 VI
2012 1108 2143 1165 454
2189 1101 2453 1168 ‘audire
2498 1124 2603 1168 so·-

243 1204 467 1269 lemus
497 1205 752 1271 Naidas
800 1255 813 1270 .
849 1257 861 1270 .
908 1204 1222 1271 incedere
1269 1204 1477 1289 silvis,
1509 1204 1848 1273 simodo
1895 1206 2013 1271 des
2059 1206 2195 1271 illis
2244 1206 2481 1273 cultus
2513 1208 2603 1273 si-

245 1311 578 1397 milesque
623 1313 960 1400 paratus’.·
1038 1312 1238 1379 Trist.
1285 1311 1352 1377 V
1397 1318 1456 1396 9,
1507 1318 1565 1377 8.
1651 1313 1817 1378 Hor.
1864 1313 2002 1379 Sat.
2048 1313 2087 1377 Ι
2134 1322 2191 1397 2,
2244 1322 2342 1379 74.
2427 1314 2603 1402 Epp.

247 1417 285 1482 I
335 1424 393 1502 1,
442 1426 544 1484 40.
2596 1460 2600 1467 ,

438 1532 494 1589 3.
559 1525 664 1590 De
713 1525 1094 1591 elocutione
1141 1525 1225 1589 ‘si
1279 1525 1535 1590 tamen'
1583 1546 1799 1612 pauca
1844 1533 2007 1591 sunt
2051 1534 2231 1592 nota.
2294 1525 2605 1612 Draeger

249 1630 350 1713 (II
399 1636 554 1714 471)
599 1654 748 1697 eam
791 1631 878 1697 ab
923 1631 1198 1719 optimis
1244 1630 1689 1719 scriptoribus
1735 1654 1876 1697 non
1930 1640 2327 1720 usurpatam
2373 1632 2604 1699 mode-

249 1738 505 1803 randae
523 1738 822 1804 orationi
837 1738 1170 1803 inservire
1188 1745 1377 1803 ratus
1397 1737 1603 1803 offert
1620 1737 1853 1803 eadem
1874 1738 2008 1806 duo
2030 1738 2261 1805 Ovidii
2279 1739 2603 1826 exempla,

248 1867 427 1928 quae
489 1845 958 1932 lexicographi
1019 1844 1156 1910 iam
1221 1844 1697 1910 exhibuerunt.
1806 1845 2136 1910 Horatius
2207 1845 2425 1931 igitur
2486 1845 2605 1909 illa

247 1950 546 2017 formula
599 1952 858 2039 primus
903 1974 1066 2016 usus
1113 1974 1255 2016 esse
1299 1951 1470 2015 mihi
1515 1951 1809 2016 videtur.
1901 1952 2000 2018 Ut
2044 1951 2215 2039 ipse,
2260 1951 2359 2017 ita
2404 1953 2603 2039 Prop.

250 2080 403 2123 eam
455 2056 561 2123 bis
615 2059 862 2147 posuit,
917 2081 1071 2123 cum
1127 2057 1437 2123 Tibullus
1493 2058 1701 2123 semel
1754 2058 2205 2145 usurpaverit.
2316 2058 2605 2124 Ovidius

248 2172 484 2229 autem
553 2166 842 2231 maxime
916 2166 1216 2231 omnium
1283 2164 1601 2230 adhibuit
1663 2165 2115 2231 elocutionem
2176 2166 2262 2230 ‘si
2322 2172 2556 2231 tamen
2566 2166 2600 2250 ',

249 2271 448 2336 cuius
492 2272 747 2337 auxilio
2410 2282 2415 2287 ’

431 2382 496 2461 a)
543 2379 901 2445 Sententia
951 2378 1289 2444 contraria
1340 2378 1744 2464 adiungitur
1772 2382 2000 2463 (wenn
2033 2377 2367 2463 dennoch,
2401 2402 2606 2445 wenn

248 2485 458 2568 aber).
567 2486 732 2552 Hor.
799 2485 1016 2551 Carm.
1070 2485 1109 2549 Ι
1167 2492 1222 2569 3,
1280 2492 1362 2550 23
1422 2485 1882 2573 ‘Nequiquam
1934 2484 2113 2550 -deus
2168 2485 2460 2551 abscidit
2516 2537 2529 2550 .
2588 2538 2603 2551 .

250 2592 520 2659 Oceano
569 2644 581 2656 .
617 2644 630 2656 .
677 2592 920 2658 Terras
965 2591 1024 2656 si
1067 2599 1302 2657 tamen
1349 2642 1362 2655 .
1396 2642 1409 2655 .
1457 2598 1639 2656 rates
1684 2591 2084 2656 transiliunt
2127 2592 2338 2659 vada’.
2429 2592 2602 2681 Epp.

249 2699 330 2765 Π
376 2707 434 2783 2,
483 2709 592 2765 24;
641 2698 854 2777 ‘Quid
897 2706 1050 2765 tum
1091 2696 1356 2785 profeci
1401 2750 1414 2761 .
1449 2750 1462 2762 .
1498 2749 1511 2761 .
1557 2698 1637 2763 Si
1681 2705 1914 2763 tamen
1958 2700 2323 2765 attentas?'
2372 2700 2518 2765 Tib.
2551 2701 2603 2765 L

253 2814 314 2889 6,
364 2812 446 2871 56
540 2806 663 2871 ‘Et
707 2804 840 2871 tibi
884 2806 1112 2871 nescio
1160 2827 1326 2889 quas
1371 2804 1569 2889 dixit,
1614 2827 1767 2869 mea
1810 2804 2026 2889 Delia,
2071 2829 2351 2894 poenas:

261 2918 273 2949 ³
480 2913 557 2978 Si
601 2920 835 2979 tamen
857 2912 1202 2979 :admittas
1247 2912 1337 2977 sit
1388 2934 1628 2999 precor
1672 2911 1791 2976 illa
1835 2911 2051 2977 levis’.

434 3021 555 3085 Ov.
604 3019 711 3083 Tr.
758 3018 825 3084 V
875 3025 972 3103 13,
1024 3026 1057 3083 7
1109 3018 1364 3105 ‘Aeger
1394 3018 1576 3083 enim
1607 3018 1790 3083 traxi
1820 3020 2141 3107 contagia
2172 3072 2186 3085 .
2220 3072 2233 3085 .
2267 3020 2343 3086 Si
2372 3027 2608 3085 tamen

251 3127 402 3215 ipse
446 3127 650 3210 valeS,
697 3126 926 3212 aliqua
955 3148 1082 3191 nos
1111 3132 1306 3213 parte
1337 3125 1687 3192 valemus'.
1761 3124 1796 3189 Ι
1832 3134 1888 3208 5,
1927 3131 2024 3191 17.
2101 3128 2286 3193 Fast.
2317 3127 2425 3192 ΠΙ
2457 3132 2603 3192 257.

211 3234 418 3300 «Μθτ.
464 3234 574 3299 IX
621 3239 767 3300 511.
857 3233 1009 3298 Am.
1055 3234 1165 3299 ΠΙ
1214 3239 1312 3317 14,
1360 3240 1462 3298 42.
1554 3231 1628 3296 Π
1677 3238 1776 3315 16,
1825 3238 1927 3296 47.
2019 3233 2169 3297 Ast.
2215 3254 2340 3298 am.
2386 3234 2423 3297 Ι
2458 3239 2605 3298 715.

253 3342 448 3407 Rem.
500 3346 621 3407 107
630 3392 643 3405 .
1572 3414 1577 3419 ἡ

434 3447 508 3531 b)
552 3446 781 3513 Minor
798 3454 1028 3512 autem
1042 3447 1416 3534 particulae
1448 3448 1726 3512 ‘tamen’
1760 3454 2061 3535 potestas
2092 3453 2212 3529 es't,
2232 3447 2291 3511 si
2311 3446 2605 3513 elocutio

257 3555 343 3620 ‘si
385 3555 639 3620 tamen’
698 3554 991 3619 orationi
1044 3554 1332 3619 inservit
1385 3552 1837 3619 moderandae
1893 3559 2120 3638 (wenn
2166 3552 2358 3637 doch,
2404 3574 2608 3618 wenn

260 3662 549 3745 anders),
595 3668 677 3726 ut
722 3661 1004 3726 voculae
1055 3661 1334 3725 ‘tamen’
1384 3660 1489 3726 vis
1535 3659 1612 3725 in
1657 3660 2208 3726 coniunctionem
2254 3659 2361 3723 ‘si’
2411 3658 2607 3744 quasi

255 3768 564 3834 recidens
597 3766 870 3851 efficiat,
910 3773 990 3832 ut
1021 3766 1364 3833 enuntiati
1393 3773 1872 3853 argumentum
1902 3774 2023 3832 aut
2052 3766 2140 3831 ad
2169 3764 2607 3851 negationem

255 3882 377 3941 aut
408 3876 496 3939 ad
525 3872 1048 3941 affirmationem
1093 3874 1396 3957 inclinet,
1442 3881 1565 3939 aut
1593 3881 1911 3939 neutram
1940 3874 2027 3939 ad
2067 3879 2331 3961 partem
2361 3871 2604 3938 valeat.

259 3981 702 4068 Ambiguitas
749 3982 968 4068 igitur
1011 3981 1192 4046 inest
1237 3981 1344 4045 his
1391 3981 1573 4046 10013.
1666 3981 1788 4047 Ov.
1836 3980 2036 4046 Trist.
2083 3980 2119 4043 I
2167 3988 2224 4062 2,
2273 3984 2354 4043 97

267 4124 272 4132 -
481 4088 584 4155 ‘Si
627 4094 859 4155 tamen
905 4094 1056 4153 acta
1102 4087 1262 4153 deos
1307 4107 1661 4172 nunquam
1704 4086 2017 4153 mortalia
2062 4083 2329 4168 fallunt,
2424 4086 2433 4095 '

479 4194 546 4260 A
591 4196 789 4284 culpa
833 4194 1098 4261 facinus
1143 4193 1334 4261 scitis
1379 4194 1613 4259 abesse
1657 4194 1848 4259 mea'.
1948 4192 2101 4257 Am.
2148 4192 2258 4257 ΙΠ
2304 4198 2360 4275 9,
2412 4199 2494 4258 59

480 4302 583 4369 ι81
626 4310 857 4368 tamen
903 4326 940 4368 e
983 4301 1184 4368 nobis
1226 4299 1488 4386 aliquid
1530 4301 1669 4365 nisi
1712 4321 1964 4366 nomen.
2007 4307 2077 4364 et
2121 4296 2366 4364 umbra
2598 4322 2603 4330 ·

479 4410 741 4493 Restat,
788 4410 862 4475 in
906 4409 1144 4497 Elysia
1188 4407 1369 4473 valle
1414 4407 1726 4473 Tibullus
1774 4407 1947 4473 erit’-.
