3092 5117
1219 401 1660 461 -19-

259 569 370 636 ΠΙ
420 580 476 655 ’1,
525 579 628 637 46.
689 572 1038 640 Particula
1083 573 1363 639 ‘tamen’
1404 572 1603 639 nobis
1647 573 1933 640 offertur
1976 575 2086 640 III
2135 583 2235 663 15,
2268 584 2351 643 32
2400 578 2610 665 ι8818,

258 684 495 743 tamen
555 678 774 766 pietas
821 732 834 746 .
871 680 912 745 .’
1007 678 1144 746 Gfr.
1201 680 1347 746 Tib.
1404 680 1441 744 1
1487 688 1554 764 9,
1604 688 1643 745 4
1709 680 1925 765 ‘Sera,
1990 688 2220 748 tamen
2276 736 2289 749 .
2319 734 2333 749 .
2389 708 2613 773 poena

259 784 500 850 venit'.
574 786 779 873 Verg.
810 787 955 853 Ecl.
1001 786 1039 852 Ι
1081 795 1159 853 27
1211 787 1571 870 ‘Libertas,
1616 809 1789 872 quae
1838 810 1989 853 sera
2033 795 2265 855 tamen
2308 794 2611 880 respexit

257 890 597 957 inertem’.
688 894 809 960 Ov.
855 893 1008 960 Am.
1053 894 1162 959 ΠΙ
1211 902 1266 978 6,
1319 899 1395 959 71

441 997 704 1076 Quibus
751 1000 1075 1090 exemplis
1121 1000 1709 1066 adnumerandum
1736 1024 1878 1066 esse
1910 1023 2147 1067 censeo
2178 1006 2611 1073 enuntiatum

257 1103 368 1170 ΠΙ
418 1110 520 1189 15,
568 1113 650 1171 23
708 1107 1018 1173 ‘Invocet
1060 1107 1364 1195 Antiope
1409 1130 1614 1193 quem
1658 1107 1798 1173 nisi
1839 1108 2077 1175 vincta
2121 1109 2397 1181 Iovem?

487 1212 660 1297 Sola,
705 1220 940 1279 tamen
983 1266 998 1279 .
1037 1266 1051 1279 .
1095 1214 1394 1301 Regales
1437 1214 1738 1280 manicas
1780 1214 1971 1303 rupit
1984 1216 2019 1281 ².

257 1317 408 1402 ubi,
483 1320 667 1405 quod
729 1322 1281 1388 coniunctionem
1350 1344 1392 1386 a
1452 1321 1890 1409 praecedenti
1962 1344 2131 1388 voce
2196 1324 2391 1390 ‘sola'
2467 1347 2609 1392 non

261 1425 754 1511 distinxerunt,
809 1427 1033 1494 critici
1085 1451 1226 1495 non
1277 1435 1463 1494 recte
1515 1427 1759 1494 fecisse
1811 1428 1983 1493 mihi
2030 1429 2373 1497 videntur.
2464 1430 2610 1497 Nec

257 1539 492 1599 tamen
537 1534 880 1621 negarim,
917 1536 992 1601 in
1043 1535 1388 1601 tah'smodi
1430 1535 1789 1601 sententiis
1842 1535 2252 1623 particulam
2296 1536 2609 1604 adversa-

251 1638 479 1706 tivam
523 1663 722 1728 saepe
767 1642 1110 1729 pertinere
1157 1641 1245 1706 ad
1275 1648 1501 1708 totum
1529 1664 1818 1726 versum,
1865 1664 2067 1727 quem
2104 1642 2205 1707 ita
2236 1644 2611 1730 continuat,

257 1752 340 1811 ut
385 1768 539 1811 acre
585 1748 1001 1815 contrarium
1045 1771 1188 1814 non
1232 1748 1592 1814 sentiatur:
1664 1747 1774 1812 III
1823 1757 1879 1832 7,
1932 1755 2014 1814 55

487 1854 760 1919 ‘Paetus
803 1861 885 1919 ut
929 1854 1285 1938 occideret,
1331 1862 1440 1921 tot
1485 1854 1705 1919 coiere
1747 1854 1942 1921 mala.

483 1960 691 2025 Flens
735 1968 969 2026 tamen
1013 1962 1332 2026 extremis
1378 1961 1575 2027 dedit
1617 1961 1785 2027 haec
1835 2013 1850 2026 .
1882 2012 1900 2028 .
1946 1963 2267 2047 querellis
2275 1963 2310 2027 ’.

486 2067 606 2133 Ov.
634 2054 934 2132 Met.'m
963 2074 1090 2133 719
1139 2068 1308 2133 ‘ruit
1351 2069 1569 2134 omnis
1614 2069 1691 2133 in
1732 2091 1950 2134 unum
1980 2068 2212 2134 Turba
2254 2067 2489 2135 furens

485 2172 767 2239 Saucius
812 2174 930 2240 ille
973 2181 1206 2240 tamen
1253 2173 1384 2240 ‘fer
1427 2197 1642 2262 opem,
1686 2175 2089 2260 matertera',
2136 2175 2348 2242 dixit’.

445 2289 506 2346 ’7.
570 2280 722 2357 Qua
762 2282 1028 2347 ratione
1060 2288 1304 2370 poetae
1348 2282 1424 2347 in
1449 2280 1871 2369 opponendis
1899 2282 2259 2347 sententiis
2295 2282 2608 2368 voculam

256 2387 542 2451 ‘tamen'
589 2386 1221 2473 frequentaverunt.
1314 2390 1512 2474 Prop.
1558 2387 1596 2453 Ι
1642 2393 1741 2471 17,
1790 2394 1827 2451 9

485 2493 618 2559 ‘Tu
659 2501 892 2559 tamen
936 2495 1013 2559 in
1055 2494 1296 2560 melius
1341 2517 1575 2560 saevas
1622 2500 1950 2560 converte
1996 2494 2331 2579 querellas
2377 2545 2392 2559 .
2439 2546 2454 2559 .

482 2599 597 2664 An
641 2602 894 2688 poteris
941 2602 1137 2667 siccis
1183 2623 1332 2667 mea
1375 2599 1520 2666 fata
1566 2604 1907 2689 op'ponere
1958 2600 2249 2666 ocellis?

440 2708 561 2773 Ov.
605 2707 770 2773 Met.
813 2708 926 2772 IX
972 2715 1100 2773 326
1149 2708 1271 2773 ‘Te
1315 2715 1546 2774 tamen
1575 2758 1589 2772 .
1618 2758 1635 2773 .
1681 2707 1943 2773 alienae
1991 2760 2005 2774 .
2035 2760 2050 2775 .
2095 2715 2327 2774 movet
2370 2706 2605 2791 facies3

255 2812 430 2899 quid
490 2813 553 2879 >si
602 2814 736 2879 tibi
791 2866 804 2881 .
853 2866 868 2881 .
931 2814 1177 2881 sororis
1239 2816 1478 2881 Fata.
1524 2866 1538 2879 .
1586 2811 1940 2879 referamP’
2033 2812 2186 2881 Am.
2228 2814 2340 2879 HI
2386 2823 2454 2899 2,
2503 2820 2605 2881 21.

253 2922 460 3009 Prop
516 2922 589 2986 Π
647 2927 756 3009 13,
817 2928 893 2986 51
985 2922 1116 2986 ‘Tu
1177 2927 1412 2986 tamen
1473 2920 1715 2986 amisso
1788 2943 1927 2987 non
1999 2944 2349 3008 nunquam
2408 2921 2604 2988 flebis

257 3028 503 3093 amico:
578 3029 713 3093 Fas
761 3036 864 3094 est
909 3028 1310 3116 praeteritos
1355 3050 1620 3115 semper
1664 3050 1888 3093 amare
1938 3028 2123 3094 viros
2171 3081 2184 3094 .
2232 3080 2245 3091 .
2296 3080 2308 3091 .
2356 3079 2371 3092 .

483 3133 622 3199 Sed
664 3132 922 3199 frustra
965 3142 1189 3200 mutos
1235 3133 1602 3217 revocabis,
1649 3133 1971 3253 Cynthia,
2018 3133 2273 3199 manes’
2276 3187 2291 3200 .

439 3241 541 3307 IV
590 3248 690 3326 11,
739 3248 820 3306 85
871 3241 1034 3307 ‘Seu
1076 3248 1309 3307 tamen
1355 3292 1370 3305 .
1415 3290 1431 3306 .
1477 3241 1764 3306 mutarit
1806 3240 2019 3306 ianua
2059 3240 2317 3306 lectum
2360 3292 2376 3307 .
2424 3292 2439 3305 .

484 3347 620 3413 Seu
636 3370 891 3413 memor
921 3347 1038 3412 ille
1067 3369 1217 3411 mea
1246 3353 1609 3413 contentus
1639 3334 1975 3412 manserit
1991 3346 2278 3412 umbra’.
2326 3352 2448 3431 (vs.
2476 3352 2605 3430 91).

437 3454 548 3519 ΠΙ
596 3462 624 3519 1
640 3463 695 3537 2,
746 3461 779 3520 7
832 3455 962 3519 ‘Tu
1005 3460 1237 3519 tamen
1280 3454 1536 3519 iniecta
1578 3461 1819 3537 tectus,
1869 3475 2136 3538 vesane,
2181 3453 2455 3519 lacerna

483 3560 760 3625 Potabis
805 3560 1003 3647 galea
1045 3558 1262 3625 fessus
1306 3558 1555 3625 Araxis
1598 3582 1865 3646 aquam‚

481 3666 612 3732 Illa
656 3666 932 3752 quidem
977 3667 1043 3751 (i.
1073 3690 1126 3731 e.
1173 3666 1559 3750 sicherlich)
1606 3717 1619 3730 .
1670 3718 1683 3731 .
1728 3665 2034 3732 tabescet
2078 3715 2095 3733 .
2142 3664 2175 3732 .'

439 3773 562 3838 Ov.
587 3773 750 3841 Met.
778 3773 843 3838 V
872 3780 1001 3839 200
1049 3773 1172 3837 ‘Hi
1215 3780 1448 3839 tamen
1476 3826 1490 3840 .
1519 3824 1534 3837 .
1582 3794 1832 3859 poenas
1872 3770 2139 3836 subiere
2184 3822 2200 3837 .
2247 3770 2366 3836 sed
2391 3772 2603 3841 unus’.

435 3879 548 3945 IX
594 3886 677 3945 98
727 3878 958 3944 ‘Hunc
1001 3886 1236 3945 tamen
1281 3929 1298 3943 .
1346 3932 1360 3946 .
1406 3877 1672 3944 domuit
1712 3877 1980 3943 iactura
2028 3876 2291 3943 decoris
2337 3929 2353 3944 .
2400 3929 2413 3943 .
2504 3877 2607 3945 At

253 3993 345 4070 te,
390 3986 637 4051 Nesse’.
653 4020 658 4025 ·
701 3985 884 4051 ΧΠῙ
924 3993 1070 4052 740.
1133 3982 1287 4051 Am.
1314 3984 1456 4069 I.4,
1486 3991 1613 4051 41.·
1643 3984 1845 4059 Trist.
1876 3983 1943 4049 V
1973 3988 2075 4068 13,
2109 3992 2211 4053 25.
2275 3984 2383 4049 HI
2413 3992 2473 4069 3,
2502 3990 2607 4053 81.

257 4091 406 4159 Cat.
455 4100 558 4175 64,
607 4099 732 4157 249
781 4091 996 4169 ‘Quae
1050 4098 1282 4157 tamen
1329 4144 1345 4159 .
1377 4090 1808 4159 .volvebat.
1843 4141 1859 4155 .
1906 4112 2117 4159 curas.
2163 4090 2323 4158 At
2368 4143 2382 4157 .
2434 4091 2605 4157 voli·

254 4178 454 4265 tabat
496 4198 826 4267 Iacchus'.

437 4307 576 4374 Ov..
604 4304 754 4373 Art.
801 4328 927 4374 am.
964 4305 1046 4371 11
1091 4312 1216 4371 405
1278 4304 1493 4370 ‘Haec
1534 4312 1769 4371 tamen
1814 4304 2145 4371 audierat.
2220 4303 2607 4371 Priameida

256 4412 548 4479 viderat·
569 4412 834 4501 ipsam’.
2101 4503 2176 4555 2*
