3092 5117
1219 365 1657 425 -39-

583 608 650 676 Β.
743 608 1273 695 praepositiones
1321 626 1464 679 cum
1512 610 1798 680 ablativo
1845 611 2247 681 coniunctae.

441 752 495 811 1.
574 749 810 835 Praep.
855 747 984 813 Ab.

437 858 502 938 a)
566 854 814 940 Regio,
862 854 1046 920 unde
1091 878 1377 941 persona
1423 864 1540 921 aut
1586 880 1692 921 res
1738 855 2045 943 profecta
2091 865 2219 940 est,
2265 858 2605 943 intellegi-

247 968 398 1044 tur,
464 962 609 1027 sive
673 962 1015 1027 enuntiati
1068 962 1353 1027 verbum
1415 963 1791 1049 particulae
1854 964 2241 1029 iniunctum
2306 972 2605 1051 apparet,

248 1068 402 1133 sive
449 1067 654 1133 deest.

372 1191 376 1195 '
438 1180 502 1253 α)
568 1174 676 1238 Pr.
725 1174 826 1240 IV
877 1180 976 1257 10,
1027 1182 1104 1241 41
1159 1180 1404 1261 ‘genus
1450 1175 1564 1240 hic
1610 1176 1886 1241 Brenno
1933 1177 2235 1243 iactabat
2280 1177 2365 1242 ab
2410 1179 2601 1266 ipso’.

252 1280 379 1346 Ov.
426 1281 612 1345 Fast.
659 1281 759 1347 IV
811 1289 934 1348 305
1547 1291 1559 1299 “

481 1386 792 1452 ‘Claudia
838 1388 1098 1465 Quinta
1142 1411 1357 1475 genus
1404 1389 1651 1454 Clauso
1697 1388 2035 1456 referebat
2082 1388 2167 1455 ab
2215 1390 2398 1455 alto’.

434 1495 542 1563 Pr.
590 1494 691 1559 IV
741 1502 796 1577 6,
846 1502 926 1559 37
979 1499 1042 1561 ‘o
1087 1495 1297 1581 longa
1341 1495 1585 1560 mundi
1630 1504 1935 1562 servator
1980 1495 2065 1561 ab
2096 1496 2320 1561 Alba'.
2398 1497 2603 1583 Verg.

253 1600 420 1667 Grec.
452 1601 569 1664 III.
595 1609 632 1665 2
669 1602 938 1666 ‘Pastor
967 1600 1052 1665 ab
1083 1600 1518 1688 Amphryso'.
1568 1603 1689 1668 Ov.
1725 1603 1888 1666 Met.
1922 1602 2033 1666 IX
2055 1610 2181 1667 136
2231 1603 2487 1667 ‘Victor
2516 1603 2602 1667 ab

253 1707 621 1773 Oechalia’.
681 1707 825 1771 Cat.
862 1712 963 1791 81,
999 1715 1036 1771 3
1085 1708 1238 1773 ‘iste
1286 1730 1325 1772 a
1356 1708 1514 1773 sede
1546 1709 1815 1773 Pisauri
1844 1701 2152 1796 Hospes’.
2214 1710 2444 1773 Pr.IV
2475 1716 2531 1793 9,
2564 1718 2601 1773 9

482 1814 740 1879 ‘Incola
786 1813 1004 1879 Cacus
1050 1822 1212 1898 erat,
1259 1815 1626 1880 metuendo
1673 1822 1908 1903 raptor
1954 1814 2038 1880 ab
2085 1816 2326 1881 antro’.
2408 1848 2410 1851 ⁴

435 1921 756 1987 Oratione
812 1921 1161 2007 eleganter
1214 1919 1506 1987 formata
1553 1922 1883 2008 expressit
1938 1930 2144 2009 poeta
2189 1922 2605 1987 relabentem

250 2028 341 2094 ab
389 2052 504 2094 ore
549 2035 788 2115 potum
833 2050 930 2093 VS.
977 2028 1050 2093 ΙΙ
1100 2035 1197 2110 17,
1249 2035 1286 2092 6

479 2135 604 2201 ‘Ut
647 2135 873 2219 liquor
918 2135 1140 2199 arenti
1183 2133 1379 2200 fallat
1427 2134 1512 2199 ab
1560 2158 1675 2202 ore
1723 2136 1957 2201 sitim’.

401 2260 406 2265 ’
479 2242 650 2328 (Tib.
699 2241 734 2305 Ι
783 2250 838 2324 3,
889 2248 968 2306 78
1019 2241 1276 2328 ‘poturi
1323 2241 1575 2307 deserit
1620 2242 1804 2307 unda
1849 2242 2109 2324 sitim’.)

247 2349 377 2414 ubi
421 2371 526 2413 res
572 2348 692 2414 vix
738 2348 1150 2435 postulabat,
1207 2356 1288 2413 ut
1333 2349 1613 2414 Hertzb.
1662 2349 1750 2414 ad
1796 2350 2129 2437 exempla.
2153 2372 2398 2436 graeca
2446 2372 2604 2415 con-

247 2454 544 2541 fugeret.
609 2455 788 2519 Nam
832 2455 999 2520 haec
1045 2455 1595 2541 breviloquentia
1640 2456 1997 2521 invenitur
2043 2457 2149 2521 his
2195 2456 2387 2522 locis:
2437 2457 2603 2522 Hor.

249 2563 358 2627 IV
405 2572 470 2646 4,
523 2569 602 2627 14
678 2566 946 2649 ‘caprea
1007 2563 1276 2650 pascuis
1341 2563 1623 2627 Intenta
1678 2615 1691 2626 .
1742 2613 1755 2626 .
1821 2564 2057 2627 matris
2122 2561 2207 2627 ab
2272 2563 2480 2628 ubere
2528 2615 2540 2627 .
2591 2615 2604 2626 .

249 2670 520 2734 leonem
567 2720 580 2733 .
630 2721 642 2733 .
690 2669 913 2734 vidit’.
1008 2669 1212 2755 Verg.
1259 2668 1428 2736 Aen.
1477 2670 1513 2733 I
1567 2676 1690 2736 160
1741 2670 1999 2734 ‘insula
2044 2677 2319 2757 portum
2363 2669 2605 2735 Efficit

251 2776 529 2841 obiectu
574 2777 890 2860 laterum,
943 2775 1188 2861 quibus
1236 2777 1455 2841 omnis
1503 2775 1588 2841 ab
1636 2777 1775 2841 alto
1822 2776 2203 2862 Frangitur
2250 2828 2262 2839 .
2311 2830 2324 2842 .
2372 2776 2603 2841 unda'.

253 2882 420 2949 Grec.
469 2884 540 2947 Π
589 2890 733 2947 243.

431 2989 858 3053 Simillimam
921 2987 1120 3053 alteri
1181 2990 1597 3054 structuram
1658 2988 1947 3054 verbum
1993 2987 2277 3053 fallendi
2324 2988 2603 3053 exhibet

251 3097 403 3162 loco
450 3101 744 3161 tractato
791 3119 854 3182 p.
890 3102 989 3160 37.
1053 3094 1321 3160 Deinde
1365 3096 1440 3160 in
1487 3096 1729 3161 talium
1777 3096 2123 3161 enuntiati
2158 3094 2605 3160 formularum
2664 3110 2671 3117 ’

250 3225 535 3269 numero
581 3202 881 3267 habendi
927 3209 1092 3267 sunt
1135 3224 1388 3286 versuS,
1437 3201 1522 3268 de
1570 3202 1816 3287 quibus
1868 3203 2156 3269 disserui
2200 3225 2263 3288 p.
2300 3208 2382 3267 34
2416 3209 2485 3267 et
2520 3210 2602 3267 43

257 3318 327 3377 et
371 3334 436 3398 p.
471 3319 571 3375 45.
636 3309 950 3394 Denique
998 3309 1081 3373 de
1115 3307 1378 3375 duobus
1409 3309 1593 3394 lociS,
1642 3310 1777 3395 qui,
1825 3310 1884 3374 si
1915 3310 2489 3397 praepositionem
2522 3311 2601 3375 ‘a’

256 3418 444 3483 docti
497 3424 681 3481 recte
735 3423 1208 3503 reposuerunt,
1273 3416 1408 3480 illis
1475 3417 1799 3503 exemplis
1864 3416 2363 3481 adnumerandi
2428 3424 2604 3499 sunt,

258 3523 607 3611 disputavi
650 3546 712 3609 p.
748 3528 824 3587 41
881 3529 949 3586 et
997 3530 1098 3586 42.

435 3633 500 3714 β)
555 3629 893 3696 Universa
936 3651 1044 3693 res
1089 3627 1175 3692 ab
1223 3636 1548 3712 extrema,
1600 3651 1734 3713 qua
1779 3628 2061 3715 incipit,
2117 3636 2311 3716 parte
2356 3628 2604 3694 descri-

255 3729 469 3802 bitur:
516 3736 626 3800 ΠΙ
658 3743 759 3819 25,
798 3742 876 3799 13
926 3734 1212 3799 ‘Vellere
1256 3742 1406 3799 tum
1439 3736 1670 3823 cupias
1717 3734 1905 3799 albos
1952 3757 1992 3799 a
2033 3735 2248 3822 stirpe
2282 3736 2603 3822 capillos’.

257 3842 404 3907 Tib.
450 3843 485 3907 Ι
533 3849 599 3926 8,
648 3850 730 3907 45
798 3840 1090 3907 ‘Tollere
1144 3849 1294 3905 tum
1343 3863 1507 3906 cura
1555 3848 1656 3907 est
1702 3840 1891 3905 albos
1938 3864 1978 3906 a
2024 3842 2237 3929 stirpe
2284 3842 2605 3930 capillos’.

258 3950 462 4035 Verg.
495 3948 657 4014 Geo.
690 3948 725 4011 Ι
759 3955 841 4013 20
885 3951 1214 4012 ‘teneram
1246 3947 1331 4012 ab
1362 3948 1591 4013 radice
1621 3947 1847 4013 ferens
1880 3999 1893 4012 .
1928 4000 1940 4012 .
1976 3948 2406 4035 cupressum’.
2460 3955 2605 4013 319.

257 4054 416 4120 Alia
461 4062 732 4121 exstant
778 4077 881 4142 ap.
929 4054 1153 4119 Hand.
1199 4054 1237 4117 Ι
1285 4062 1384 4119 24.

289 4166 294 4173 ’
435 4166 499 4247 γ)
565 4161 1042 4228 Intercedente
1107 4162 1194 4226 ‘a'
1259 4161 1503 4227 vocula
1566 4161 1778 4227 verba
1840 4160 2193 4226 iudicandi
2259 4169 2327 4227 et
2391 4162 2605 4227 nomi-

257 4268 474 4333 nandi
520 4290 675 4334 cum
719 4267 1151 4333 substantivo
1201 4268 1622 4355 copulantur.
1717 4269 1824 4332 Pr.
1871 4266 1975 4333 ΠΙ
2023 4274 2092 4350 3,
2144 4274 2223 4333 38
2282 4268 2407 4334 ‘Ut
2452 4291 2607 4334 reor

259 4397 298 4439 a
341 4373 534 4459 facie,
582 4374 953 4463 Calliopeia
998 4372 1178 4439 fuit’.
1257 4375 1377 4440 Ov.
1411 4373 1518 4438 Tr.
1554 4374 1657 4439 IV
1691 4381 1747 4458 6,
1799 4380 1878 4439 39
1930 4378 2326 4459 ‘nostroque
2372 4397 2412 4439 a
2460 4397 2606 4440 cor-
