3092 5117
1430 368 1695 469 ...ΑΒ
1792 444 1871 451 -

991 634 1054 704 0.
1119 635 1208 705 De
1254 635 1813 706 coniunctionibus
1860 636 2317 707 advos-sativis·

661 800 717 861 1.
780 793 1197 859 Particulam
1243 794 1348 859 ‘at'
1394 800 1637 882 poetae
1683 794 1926 878 rarius,
1987 817 2191 880 quam
2236 794 2389 860 ‘sed'
2435 802 2835 883 postposue-

475 909 660 969 runt.
739 902 1137 967 Cuiusmodi
1180 901 1346 967 locis
1393 901 1480 966 ab
1523 901 1805 967 Handio
1838 903 1874 966 I
1908 910 2035 967 442
2086 902 2503 992 depromptis
2551 924 2636 967 ex
2664 902 2835 968 Hor.

469 1009 652 1076 Stat.
698 1010 1084 1095 Flaccoque
1129 1008 1252 1075 hos
1299 1008 1551 1075 addere
1605 1009 1821 1075 invat.
1870 1011 2018 1076 Cat.
2070 1017 2171 1093 64,
2220 1017 2322 1094 43,
2372 1017 2473 1076 58.
2564 1009 2689 1080 Ov.
2748 1032 2838 1074 ex

479 1118 702 1183 Ponto
748 1116 852 1183 IV
900 1123 954 1200 9,
1007 1124 1107 1181 23.
1184 1116 1390 1203 Verg.
1420 1117 1567 1181 Ecl.
1599 1117 1673 1180 X
1723 1123 1824 1184 31.
1901 1117 2077 1183 VIII
2117 1124 2220 1183 49.
2294 1116 2435 1183 VII
2483 1124 2585 1183 67.
2660 1111 2836 1182 Aen.

476 1222 620 1290 VH
653 1230 799 1290 500.
863 1223 974 1289 XI
1009 1230 1156 1289 753.
1221 1223 1466 1310 Georg.
1499 1224 1609 1289 III
1643 1229 1789 1290 331.
1854 1224 2099 1291 Horat.
2135 1224 2275 1291 Sat.
2305 1224 2342 1289 I
2375 1227 2432 1309 2,
2466 1232 2570 1291 47.
2631 1224 2836 1311 Prop.

479 1329 582 1394 IV
617 1335 673 1413 1,
724 1336 832 1412 953
884 1336 982 1413 10,
1034 1338 1136 1397 23.
1200 1330 1533 1395 Discessit
1565 1331 1964 1418 Propertius
1996 1354 2037 1397 a
2068 1338 2447 1397 ceterorum
2476 1338 2837 1419 poetarum

479 1458 634 1520 usu,
692 1435 876 1521 quod
931 1436 1138 1501 semel
1183 1443 1458 1502 tantum
1512 1438 1829 1503 voculam
1886 1437 2036 1503 ‘sed’
2105 1437 2493 1526 postposuit
2537 1437 2574 1502 I
2621 1446 2680 1521 4,
2732 1444 2835 1503 11.

661 1550 719 1607 2.
782 1542 868 1607 In
896 1565 1134 1608 versus
1178 1542 1318 1608 fine
1351 1565 1581 1609 omnes
1628 1551 1868 1631 poetae
1912 1543 2287 1610 elocutioni
2334 1548 2423 1610 ‘at
2466 1543 2599 1609 ille'
2647 1542 2836 1610 fave-

479 1656 660 1733 runt,
708 1649 1026 1734 quocirca
1073 1635 1444 1715 lectionem
1499 1650 1836 1735 codicum,
1895 1650 2161 1715 etiamsi
2214 1650 2694 1715 Lachmannus
2742 1672 2835 1715 an

469 1755 720 1821 melius
769 1756 872 1821 ‘et'
921 1756 1356 1822 scribendum
1404 1765 1604 1839 esset,
1666 1757 2143 1849 dubitaverat,
2182 1758 2597 1831 recentiores
2645 1764 2834 1823 recte

475 1869 901 1951 receperunt.
991 1864 1276 1929 Praeter
1328 1864 1510 1929 locos
1568 1864 1671 1929 IV
1726 1873 1794 1948 4,
1857 1871 1935 1930 15
1998 1871 2067 1929 015
2124 1864 2225 1929 IV
2286 1874 2349 1948 7,
2411 1870 2489 1930 11
2549 1864 2690 1929 iam
2746 1864 2832 1929 ab

479 1966 760 2037 Handio
806 1968 1120 2059 laudatos
1167 1968 1547 2035 adscribam
1593 1969 1733 2035 hos.
1824 1970 1893 2035 II
1943 1978 2044 2048 26,
2097 1977 2178 2036 49

703 2076 770 2142 ‘J
771 2100 880 2142 am
927 2076 1092 2142 deus
1140 2078 1456 2165 amplexu
1501 2082 1744 2144 votum
1788 2078 2144 2165 persolvit:
2193 2084 2265 2143 at
2310 2078 2415 2141 illi

700 2184 931 2251 Aurea
965 2184 1234 2251 divinas
1281 2207 1455 2249 urna
1498 2184 1811 2273 profudit
1858 2185 2103 2270 aquas’.
2182 2183 2321 2250 Ofr.
2353 2186 2463 2250 Pr.
2495 2184 2603 2249 III
2638 2192 2693 2268 3,
2729 2191 2830 2249 36.

660 2292 902 2378 Neque
959 2315 1228 2358 causam
1282 2292 1510 2377 video,
1580 2314 1701 2357 cur
1756 2292 2071 2380 plerique
2138 2291 2362 2357 critici
2425 2292 2833 2380 scripturam

483 2399 739 2487 optime
786 2399 1112 2464 traditam
1156 2400 1593 2486 neglexerint
1639 2422 1733 2465 vs
1782 2400 1856 2463 Π
1906 2406 2007 2483 29,
2059 2406 2142 2465 11·

706 2506 858 2571 ‘Hic
905 2507 1079 2571 alter
1122 2506 1318 2572 iubet
1363 2507 1438 2570 in
1482 2505 1785 2572 medium
1831 2508 2227 2595 propellere,
2275 2515 2347 2573 at
2392 2508 2601 2574 altu-2

658 2613 836 2678 Nam
883 2635 1037 2677 cum
1082 2614 1410 2679 Horatius
1456 2635 1598 2678 non
1644 2614 1981 2700 spreverit
2026 2614 2101 2681 111
2148 2622 2447 2680 extremo
2495 2637 2699 2680 versu
2746 2617 2833 2678 ‘et

473 2720 691 2804 :alter’,
739 2719 1026 2785 Ovidius
1060 2728 1130 2786 et
1159 2722 1559 2808 Propertius
1605 2719 1899 2787 formula
1946 2725 2035 2787 ‘at
2076 2722 2267 2787 alter’
2315 2723 2457 2788 sola
2500 2723 2610 2788 usi
2654 2728 2831 2787 sunt.

477 2827 646 2893 Met.
692 2827 793 2892 IV
845 2832 970 2892 614

705 2934 1090 3022 ‘Impositus
1138 2935 1275 2999 iam
1321 2935 1504 3000 caelo
1553 2941 1658 2999 est
1704 2935 1903 2999 alter:
1952 2940 2025 2999 at
2071 2935 2277 3001 alter'.
2368 2936 2479 3000 XI
2528 2943 2652 3001 638

705 3041 843 3124 ,sed
888 3041 1002 3107 1110
1050 3096 1063 3109 .
1097 3095 1109 3108 .
1145 3094 1156 3107 .
1205 3041 1511 3107 homines
1558 3042 1897 3107 imitatur:
1946 3049 2017 3108 at
2062 3042 2269 3109 alter'.

665 3154 722 3213 3.
788 3148 1222 3236 Synaloepha
1270 3156 1536 3214 coactos
1584 3157 1817 3237 poetas
1868 3149 2074 3215 etiam
2120 3150 2255 3214 ‘sed
2301 3149 2435 3215 ille'
2483 3150 2554 3215 in
2598 3172 2833 3218 versus

344 3268 355 3276 ’
476 3254 676 3319 exitu
721 3255 1022 3341 posuisse
1069 3254 1237 3320 11300
1284 3256 1592 3344 exempla
1639 3256 2001 3322 docebunt.-
2092 3257 2287 3344 Prop.
2335 3256 2372 3320 I
2420 3263 2521 3341 20,
2572 3263 2653 3321 49

707 3362 1124 3449 ‘Prolapsum
1168 3362 1415 3428 leviter
1459 3362 1649 3428 facili
1694 3370 1965 3430 traxere
2009 3364 2299 3449 liquore:

708 3466 882 3531 Tum
928 3470 1228 3533 sonitum
1273 3476 1471 3556 rapto
1521 3492 1802 3557 corpore
1846 3469 2017 3537 fecit
2062 3471 2301 3558 Hylas.

707 3574 839 3639 Cui
882 3576 1121 3661 procul
1166 3575 1444 3640 Alcides
1490 3576 1698 3641 iterat
1744 3576 2091 3665 responsa:
2139 3576 2259 3643 sed
2304 3577 2408 3641 illi

707 3680 975 3746 Nomen
1021 3681 1106 3745 ab
1157 3682 1474 3748 extremis
1520 3681 1833 3748 fontibus
1882 3705 2047 3747 aura
2090 3682 2334 3749 refert’.

491 3786 842 3852 Vahlenus
875 3795 945 3854 et
975 3788 1264 3853 Mueller
1305 3778 1793 3855 correctionem
1833 3791 2127 3878 Hauptii
2173 3792 2410 3875 ‘iterat,
2458 3796 2832 3877 responset:

487 3900 560 3959 at
604 3891 727 3957 illi'
781 3902 1205 3982 receperunt.
1296 3888 1677 3962 Adductus
1725 3902 1952 3961 autem
1996 3896 2341 3983 Hauptius
2390 3904 2493 3963 est
2540 3897 2628 3962 ad
2675 3919 2834 3962 con-

485 4002 818 4067 iecturam
863 4025 1078 4087 suam,
1137 4004 1322 4089 quod
1377 4004 1715 4070 ‘sonitum'
1772 4005 1856 4069 de
1902 4004 2129 4091 Hylae
2187 4004 2478 4070 clamore
2523 4004 2835 4091 intellegi

486 4109 964 4175 Lachmannus
1011 4134 1151 4177 non
1197 4111 1542 4177 concessit.
1633 4111 1865 4176 Minus
1911 4117 2111 4195 recte,
2160 4111 2218 4175 si
2265 4111 2547 4196 quidem
2593 4111 2829 4177 similis

490 4222 711 4281 exstat
755 4216 1051 4304 Vergilii
1103 4218 1288 4282 locus
1337 4218 1585 4304 Georg.
1640 4218 1743 4283 IV
1792 4224 1948 4301 333,
2005 4217 2128 4282 ubi
2182 4225 2411 4305 poeta,
2468 4225 2831 4306 postquam

488 4321 878 4387 Aristaeum
923 4322 1089 4389 fecit
1137 4331 1559 4408 querentem,
1615 4325 1847 4412 pergit
1907 4323 2023 4389 ‘At
2067 4331 2287 4389 mater
2332 4325 2631 4390 sonitum
2684 4325 2833 4390 tha-

483 4430 659 4495 lamo
707 4429 832 4494 sub
878 4429 1175 4495 fluminis
1223 4431 1347 4495 alti
1393 4431 1657 4495 Sensit'.
1749 4414 1757 4423 ⁸
