<?xml version="1.0" encoding="UTF-8"?>
<!DOCTYPE html PUBLIC "-//W3C//DTD XHTML 1.0 Transitional//EN"
    "http://www.w3.org/TR/xhtml1/DTD/xhtml1-transitional.dtd">
<html xmlns="http://www.w3.org/1999/xhtml" xml:lang="en" lang="en">
 <head>
  <title>
</title>
<meta http-equiv="Content-Type" content="text/html;charset=utf-8" />
  <meta name='ocr-system' content='tesseract 3.04.00' />
  <meta name='ocr-capabilities' content='ocr_page ocr_carea ocr_par ocr_line ocrx_word'/>
</head>
<body>
  <div class='ocr_page' id='page_1' title='image "./desermoneproper02spangoog_0042.png"; bbox 0 0 3092 5117; ppageno 0'>
   <div class='ocr_carea' id='block_1_1' title="bbox 1473 389 1915 449">
    <p class='ocr_par' dir='ltr' id='par_1_1' title="bbox 1473 389 1915 449">
     <span class='ocr_line' id='line_1_1' title="bbox 1473 389 1915 449; baseline 0.005 -18"><span class='ocrx_word' id='word_1_1' title='bbox 1473 389 1915 449; x_wconf 39' lang='lat'><strong>*36*-</strong></span> 
     </span>
    </p>
   </div>
   <div class='ocr_carea' id='block_1_2' title="bbox 525 558 2879 1922">
    <p class='ocr_par' dir='ltr' id='par_1_2' title="bbox 525 558 2872 1073">
     <span class='ocr_line' id='line_1_2' title="bbox 703 558 2870 645; baseline 0.001 -22"><span class='ocrx_word' id='word_1_2' title='bbox 703 559 774 643; x_wconf 89' lang='lat' dir='ltr'>d)</span> <span class='ocrx_word' id='word_1_3' title='bbox 839 558 1100 637; x_wconf 77' lang='lat' dir='ltr'>Quodsi</span> <span class='ocrx_word' id='word_1_4' title='bbox 1154 558 1328 625; x_wconf 88' lang='lat' dir='ltr'>duae</span> <span class='ocrx_word' id='word_1_5' title='bbox 1392 582 1498 625; x_wconf 85' lang='lat' dir='ltr'>res</span> <span class='ocrx_word' id='word_1_6' title='bbox 1554 582 1823 627; x_wconf 86' lang='lat' dir='ltr'>accessu</span> <span class='ocrx_word' id='word_1_7' title='bbox 1878 560 1991 625; x_wconf 87' lang='lat' dir='ltr'>vel</span> <span class='ocrx_word' id='word_1_8' title='bbox 2044 566 2231 625; x_wconf 88' lang='lat' dir='ltr'>statu</span> <span class='ocrx_word' id='word_1_9' title='bbox 2286 582 2428 625; x_wconf 85' lang='lat' dir='ltr'>sese</span> <span class='ocrx_word' id='word_1_10' title='bbox 2492 559 2870 645; x_wconf 80' lang='lat' dir='ltr'>attingunt,</span> 
     </span>
     <span class='ocr_line' id='line_1_3' title="bbox 525 665 2867 753; baseline 0 -22"><span class='ocrx_word' id='word_1_11' title='bbox 525 665 665 731; x_wconf 87' lang='lat' dir='ltr'>‘ad&#39;</span> <span class='ocrx_word' id='word_1_12' title='bbox 712 665 1123 753; x_wconf 72' lang='lat' dir='ltr'>praepositio</span> <span class='ocrx_word' id='word_1_13' title='bbox 1169 688 1292 752; x_wconf 91' lang='lat' dir='ltr'>per</span> <span class='ocrx_word' id='word_1_14' title='bbox 1321 673 1631 731; x_wconf 88' lang='lat' dir='ltr'>nostrum</span> <span class='ocrx_word' id='word_1_15' title='bbox 1662 667 1801 732; x_wconf 87' lang='lat' dir='ltr'>‘an’</span> <span class='ocrx_word' id='word_1_16' title='bbox 1836 665 2185 731; x_wconf 87' lang='lat' dir='ltr'>reddenda</span> <span class='ocrx_word' id='word_1_17' title='bbox 2218 673 2336 731; x_wconf 89' lang='lat' dir='ltr'>est.</span> <span class='ocrx_word' id='word_1_18' title='bbox 2408 667 2517 731; x_wconf 73' lang='lat' dir='ltr'>Pr.</span> <span class='ocrx_word' id='word_1_19' title='bbox 2548 666 2659 731; x_wconf 83' lang='lat'>111</span> <span class='ocrx_word' id='word_1_20' title='bbox 2695 672 2794 749; x_wconf 85' lang='lat'>14,</span> <span class='ocrx_word' id='word_1_21' title='bbox 2830 675 2867 732; x_wconf 88' lang='grc'><strong>9</strong></span> 
     </span>
     <span class='ocr_line' id='line_1_4' title="bbox 525 772 2872 874; baseline -0.001 -35"><span class='ocrx_word' id='word_1_22' title='bbox 525 772 726 859; x_wconf 81' lang='lat' dir='ltr'>‘ligat</span> <span class='ocrx_word' id='word_1_23' title='bbox 777 772 866 837; x_wconf 89' lang='lat' dir='ltr'>ad</span> <span class='ocrx_word' id='word_1_24' title='bbox 893 782 1192 839; x_wconf 88' lang='lat' dir='ltr'>caestum</span> <span class='ocrx_word' id='word_1_25' title='bbox 1234 772 1597 839; x_wconf 86' lang='lat' dir='ltr'>bracchia’.</span> <span class='ocrx_word' id='word_1_26' title='bbox 1668 780 1720 874; x_wconf 63' lang='lat'>7,</span> <span class='ocrx_word' id='word_1_27' title='bbox 1774 780 1870 840; x_wconf 87' lang='grc'>19.</span> <span class='ocrx_word' id='word_1_28' title='bbox 1934 774 2037 839; x_wconf 93' lang='lat' dir='ltr'>IV</span> <span class='ocrx_word' id='word_1_29' title='bbox 2072 779 2126 856; x_wconf 98' lang='grc'><strong>1,</strong></span> <span class='ocrx_word' id='word_1_30' title='bbox 2179 779 2305 839; x_wconf 91' lang='grc'>110</span> <span class='ocrx_word' id='word_1_31' title='bbox 2355 773 2737 839; x_wconf 71' lang='lat' dir='ltr'>‘haerentes</span> <span class='ocrx_word' id='word_1_32' title='bbox 2782 773 2872 839; x_wconf 87' lang='lat' dir='ltr'>ad</span> 
     </span>
     <span class='ocr_line' id='line_1_5' title="bbox 525 878 2872 967; baseline 0 -22"><span class='ocrx_word' id='word_1_33' title='bbox 525 879 640 967; x_wconf 88' lang='lat' dir='ltr'>pia</span> <span class='ocrx_word' id='word_1_34' title='bbox 683 902 846 945; x_wconf 85' lang='lat' dir='ltr'>saxa</span> <span class='ocrx_word' id='word_1_35' title='bbox 889 881 1111 945; x_wconf 88' lang='lat' dir='ltr'>rates’.</span> <span class='ocrx_word' id='word_1_36' title='bbox 1197 879 1390 946; x_wconf 86' lang='lat' dir='ltr'>Alios</span> <span class='ocrx_word' id='word_1_37' title='bbox 1433 879 1617 945; x_wconf 88' lang='lat' dir='ltr'>locos</span> <span class='ocrx_word' id='word_1_38' title='bbox 1663 902 1702 944; x_wconf 90' lang='lat' dir='ltr'>a</span> <span class='ocrx_word' id='word_1_39' title='bbox 1747 879 2123 967; x_wconf 87' lang='lat' dir='ltr'>posteriore</span> <span class='ocrx_word' id='word_1_40' title='bbox 2169 885 2376 967; x_wconf 86' lang='lat' dir='ltr'>prosa&#39;</span> <span class='ocrx_word' id='word_1_41' title='bbox 2412 880 2665 966; x_wconf 88' lang='lat' dir='ltr'>petitos</span> <span class='ocrx_word' id='word_1_42' title='bbox 2710 878 2872 945; x_wconf 84' lang='lat' dir='ltr'>vide</span> 
     </span>
     <span class='ocr_line' id='line_1_6' title="bbox 527 985 1697 1073; baseline 0 -22"><span class='ocrx_word' id='word_1_43' title='bbox 527 1008 629 1073; x_wconf 87' lang='lat' dir='ltr'>ap.</span> <span class='ocrx_word' id='word_1_44' title='bbox 675 985 902 1051; x_wconf 86' lang='lat' dir='ltr'>Hand.</span> <span class='ocrx_word' id='word_1_45' title='bbox 948 987 984 1050; x_wconf 94' lang='lat' dir='ltr'>I</span> <span class='ocrx_word' id='word_1_46' title='bbox 1032 993 1134 1053; x_wconf 90' lang='lat'>89.</span> <span class='ocrx_word' id='word_1_47' title='bbox 1214 987 1322 1051; x_wconf 86' lang='lat' dir='ltr'>Pr.</span> <span class='ocrx_word' id='word_1_48' title='bbox 1369 985 1471 1051; x_wconf 91' lang='lat' dir='ltr'>IV</span> <span class='ocrx_word' id='word_1_49' title='bbox 1509 992 1565 1068; x_wconf 88' lang='lat'>2,</span> <span class='ocrx_word' id='word_1_50' title='bbox 1615 992 1697 1051; x_wconf 80' lang='lat'>39</span> 
     </span>
    </p>

    <p class='ocr_par' dir='ltr' id='par_1_3' title="bbox 529 1092 2877 1501">
     <span class='ocr_line' id='line_1_7' title="bbox 749 1092 2263 1180; baseline -0.001 -23"><span class='ocrx_word' id='word_1_51' title='bbox 749 1093 1124 1158; x_wconf 74' lang='lat' dir='ltr'>‘Pastorem</span> <span class='ocrx_word' id='word_1_52' title='bbox 1169 1092 1258 1156; x_wconf 90' lang='lat' dir='ltr'>ad</span> <span class='ocrx_word' id='word_1_53' title='bbox 1300 1092 1620 1157; x_wconf 87' lang='lat' dir='ltr'>baculum</span> <span class='ocrx_word' id='word_1_54' title='bbox 1664 1114 1938 1180; x_wconf 90' lang='lat' dir='ltr'>possum</span> <span class='ocrx_word' id='word_1_55' title='bbox 1984 1092 2263 1157; x_wconf 87' lang='lat' dir='ltr'>curare’.</span> 
     </span>
     <span class='ocr_line' id='line_1_8' title="bbox 529 1196 2874 1284; baseline 0 -23"><span class='ocrx_word' id='word_1_56' title='bbox 529 1198 570 1261; x_wconf 89' lang='lat' dir='ltr'>i.</span> <span class='ocrx_word' id='word_1_57' title='bbox 623 1220 675 1263; x_wconf 90' lang='lat' dir='ltr'>e.</span> <span class='ocrx_word' id='word_1_58' title='bbox 743 1220 852 1263; x_wconf 88' lang='lat' dir='ltr'>am</span> <span class='ocrx_word' id='word_1_59' title='bbox 909 1198 1132 1263; x_wconf 86' lang='lat' dir='ltr'>Stabe.</span> <span class='ocrx_word' id='word_1_60' title='bbox 1211 1196 1350 1263; x_wconf 80' lang='lat' dir='ltr'>Gfr.</span> <span class='ocrx_word' id='word_1_61' title='bbox 1397 1197 1604 1284; x_wconf 89' lang='lat' dir='ltr'>Verg.</span> <span class='ocrx_word' id='word_1_62' title='bbox 1668 1197 1865 1263; x_wconf 79' lang='lat' dir='ltr'>Geor.</span> <span class='ocrx_word' id='word_1_63' title='bbox 1914 1198 1987 1265; x_wconf 87' lang='grc' dir='ltr'>ΙΙ</span> <span class='ocrx_word' id='word_1_64' title='bbox 2042 1204 2171 1263; x_wconf 83' lang='grc'>250</span> <span class='ocrx_word' id='word_1_65' title='bbox 2238 1198 2350 1263; x_wconf 89' lang='lat' dir='ltr'>‘ad</span> <span class='ocrx_word' id='word_1_66' title='bbox 2414 1198 2672 1284; x_wconf 76' lang='lat' dir='ltr'>digitos</span> <span class='ocrx_word' id='word_1_67' title='bbox 2730 1198 2874 1262; x_wconf 89' lang='lat' dir='ltr'>len-</span> 
     </span>
     <span class='ocr_line' id='line_1_9' title="bbox 530 1302 2877 1391; baseline -0 -21"><span class='ocrx_word' id='word_1_68' title='bbox 530 1305 734 1371; x_wconf 80' lang='lat' dir='ltr'>tescit</span> <span class='ocrx_word' id='word_1_69' title='bbox 777 1304 1090 1369; x_wconf 87' lang='lat' dir='ltr'>habendo</span> <span class='ocrx_word' id='word_1_70' title='bbox 1103 1305 1134 1367; x_wconf 92' lang='lat'>’.</span> <span class='ocrx_word' id='word_1_71' title='bbox 1219 1305 1454 1371; x_wconf 86' lang='lat' dir='ltr'>Iuven.</span> <span class='ocrx_word' id='word_1_72' title='bbox 1485 1304 1661 1369; x_wconf 85' lang='lat' dir='ltr'>VIH</span> <span class='ocrx_word' id='word_1_73' title='bbox 1714 1310 1836 1370; x_wconf 82' lang='lat'>157</span> <span class='ocrx_word' id='word_1_74' title='bbox 1888 1303 2120 1369; x_wconf 86' lang='lat' dir='ltr'>‘facies</span> <span class='ocrx_word' id='word_1_75' title='bbox 2167 1304 2348 1371; x_wconf 86' lang='lat' dir='ltr'>olida</span> <span class='ocrx_word' id='word_1_76' title='bbox 2394 1302 2481 1369; x_wconf 86' lang='lat' dir='ltr'>ad</span> <span class='ocrx_word' id='word_1_77' title='bbox 2523 1305 2877 1391; x_wconf 83' lang='lat' dir='ltr'>praesepia</span> 
     </span>
     <span class='ocr_line' id='line_1_10' title="bbox 531 1412 792 1501; baseline -0.008 -24"><span class='ocrx_word' id='word_1_78' title='bbox 531 1412 792 1501; x_wconf 89' lang='lat' dir='ltr'>pictas’.</span> 
     </span>
    </p>

    <p class='ocr_par' dir='ltr' id='par_1_4' title="bbox 749 1517 2874 1607">
     <span class='ocr_line' id='line_1_11' title="bbox 749 1517 2874 1607; baseline 0 -24"><span class='ocrx_word' id='word_1_79' title='bbox 749 1520 858 1583; x_wconf 85' lang='lat' dir='ltr'>Pr.</span> <span class='ocrx_word' id='word_1_80' title='bbox 891 1518 962 1582; x_wconf 91' lang='grc' dir='ltr'>ΙΙ</span> <span class='ocrx_word' id='word_1_81' title='bbox 997 1524 1051 1602; x_wconf 94' lang='grc'><strong>1,</strong></span> <span class='ocrx_word' id='word_1_82' title='bbox 1091 1526 1122 1584; x_wconf 89' lang='lat'><strong>7</strong></span> <span class='ocrx_word' id='word_1_83' title='bbox 1175 1518 1338 1585; x_wconf 84' lang='lat' dir='ltr'>‘Seu</span> <span class='ocrx_word' id='word_1_84' title='bbox 1365 1518 1513 1583; x_wconf 86' lang='lat' dir='ltr'>vidi</span> <span class='ocrx_word' id='word_1_85' title='bbox 1543 1518 1631 1582; x_wconf 88' lang='lat' dir='ltr'>ad</span> <span class='ocrx_word' id='word_1_86' title='bbox 1661 1517 1961 1585; x_wconf 86' lang='lat' dir='ltr'>frontem</span> <span class='ocrx_word' id='word_1_87' title='bbox 1996 1541 2261 1605; x_wconf 89' lang='lat' dir='ltr'>sparsos</span> <span class='ocrx_word' id='word_1_88' title='bbox 2294 1540 2515 1585; x_wconf 90' lang='lat' dir='ltr'>errare</span> <span class='ocrx_word' id='word_1_89' title='bbox 2547 1518 2874 1607; x_wconf 86' lang='lat' dir='ltr'>capillos’.</span> 
     </span>
    </p>

    <p class='ocr_par' dir='ltr' id='par_1_5' title="bbox 529 1624 2879 1922">
     <span class='ocr_line' id='line_1_12' title="bbox 705 1624 2877 1712; baseline 0.001 -23"><span class='ocrx_word' id='word_1_90' title='bbox 705 1624 879 1689; x_wconf 88' lang='lat' dir='ltr'>Nam</span> <span class='ocrx_word' id='word_1_91' title='bbox 925 1624 1123 1689; x_wconf 79' lang='lat' dir='ltr'>idem·</span> <span class='ocrx_word' id='word_1_92' title='bbox 1153 1631 1354 1711; x_wconf 89' lang='lat' dir='ltr'>poeta</span> <span class='ocrx_word' id='word_1_93' title='bbox 1401 1624 1571 1691; x_wconf 91' lang='lat' dir='ltr'>dicit</span> <span class='ocrx_word' id='word_1_94' title='bbox 1614 1624 1688 1689; x_wconf 90' lang='grc' dir='ltr'>Π</span> <span class='ocrx_word' id='word_1_95' title='bbox 1737 1632 1837 1708; x_wconf 90' lang='grc'>22,</span> <span class='ocrx_word' id='word_1_96' title='bbox 1886 1632 1923 1689; x_wconf 88' lang='lat'>9</span> <span class='ocrx_word' id='word_1_97' title='bbox 1974 1625 2164 1690; x_wconf 86' lang='lat' dir='ltr'>‘Sive</span> <span class='ocrx_word' id='word_1_98' title='bbox 2209 1625 2375 1711; x_wconf 86' lang='lat' dir='ltr'>vagi</span> <span class='ocrx_word' id='word_1_99' title='bbox 2418 1624 2637 1691; x_wconf 88' lang='lat' dir='ltr'>crines</span> <span class='ocrx_word' id='word_1_100' title='bbox 2682 1625 2877 1712; x_wconf 84' lang='lat' dir='ltr'>puris</span> 
     </span>
     <span class='ocr_line' id='line_1_13' title="bbox 529 1729 2879 1819; baseline -0 -23"><span class='ocrx_word' id='word_1_101' title='bbox 529 1731 605 1796; x_wconf 88' lang='lat' dir='ltr'>in</span> <span class='ocrx_word' id='word_1_102' title='bbox 649 1729 992 1797; x_wconf 85' lang='lat' dir='ltr'>frontibus</span> <span class='ocrx_word' id='word_1_103' title='bbox 1041 1732 1316 1796; x_wconf 88' lang='lat' dir='ltr'>errant⁷.</span> <span class='ocrx_word' id='word_1_104' title='bbox 1381 1732 1483 1797; x_wconf 92' lang='lat' dir='ltr'>IV</span> <span class='ocrx_word' id='word_1_105' title='bbox 1531 1738 1589 1813; x_wconf 85' lang='lat'>3,</span> <span class='ocrx_word' id='word_1_106' title='bbox 1639 1738 1720 1797; x_wconf 88' lang='lat'>58</span> <span class='ocrx_word' id='word_1_107' title='bbox 1770 1731 1889 1796; x_wconf 87' lang='lat' dir='ltr'>‘Et</span> <span class='ocrx_word' id='word_1_108' title='bbox 1938 1739 2168 1819; x_wconf 86' lang='lat' dir='ltr'>crepet</span> <span class='ocrx_word' id='word_1_109' title='bbox 2214 1731 2304 1797; x_wconf 89' lang='lat' dir='ltr'>ad</span> <span class='ocrx_word' id='word_1_110' title='bbox 2347 1740 2615 1799; x_wconf 86' lang='lat' dir='ltr'>veteres</span> <span class='ocrx_word' id='word_1_111' title='bbox 2660 1730 2879 1796; x_wconf 90' lang='lat' dir='ltr'>herba</span> 
     </span>
     <span class='ocr_line' id='line_1_14' title="bbox 531 1837 2879 1922; baseline -0 -19"><span class='ocrx_word' id='word_1_112' title='bbox 531 1837 784 1903; x_wconf 86' lang='lat' dir='ltr'>Sabina</span> <span class='ocrx_word' id='word_1_113' title='bbox 826 1837 1057 1904; x_wconf 87' lang='lat' dir='ltr'>focos’.</span> <span class='ocrx_word' id='word_1_114' title='bbox 1124 1840 1166 1903; x_wconf 93' lang='grc'>1.</span> <span class='ocrx_word' id='word_1_115' title='bbox 1198 1862 1249 1903; x_wconf 91' lang='lat' dir='ltr'>e.</span> <span class='ocrx_word' id='word_1_116' title='bbox 1307 1861 1439 1922; x_wconf 88' lang='lat' dir='ltr'>am,</span> <span class='ocrx_word' id='word_1_117' title='bbox 1495 1837 1622 1903; x_wconf 85' lang='lat' dir='ltr'>auf</span> <span class='ocrx_word' id='word_1_118' title='bbox 1660 1839 1722 1904; x_wconf 91' lang='lat' dir='ltr'>d.</span> <span class='ocrx_word' id='word_1_119' title='bbox 1770 1839 1856 1903; x_wconf 91' lang='lat' dir='ltr'>H.</span> <span class='ocrx_word' id='word_1_120' title='bbox 1952 1838 2081 1903; x_wconf 85' lang='lat' dir='ltr'>Cui</span> <span class='ocrx_word' id='word_1_121' title='bbox 2126 1839 2438 1921; x_wconf 18' lang='lat' dir='ltr'>similem,</span> <span class='ocrx_word' id='word_1_122' title='bbox 2462 1838 2879 1904; x_wconf 87' lang='lat' dir='ltr'>sententiam</span> 
     </span>
    </p>
   </div>
   <div class='ocr_carea' id='block_1_3' title="bbox 420 1944 2879 2033">
    <p class='ocr_par' dir='ltr' id='par_1_6' title="bbox 420 1944 2879 2033">
     <span class='ocr_line' id='line_1_15' title="bbox 420 1944 2879 2033; baseline -0.001 -22"><span class='ocrx_word' id='word_1_123' title='bbox 420 2008 423 2011; x_wconf 83' lang='lat'><em>.</em></span> <span class='ocrx_word' id='word_1_124' title='bbox 529 1967 684 2009; x_wconf 89' lang='lat' dir='ltr'>cum</span> <span class='ocrx_word' id='word_1_125' title='bbox 728 1944 958 2009; x_wconf 85' lang='lat' dir='ltr'>verbis</span> <span class='ocrx_word' id='word_1_126' title='bbox 1005 1945 1483 2033; x_wconf 85' lang='lat' dir='ltr'>exprimerent,</span> <span class='ocrx_word' id='word_1_127' title='bbox 1540 1945 1737 2012; x_wconf 74' lang='lat' dir='ltr'>ovid.</span> <span class='ocrx_word' id='word_1_128' title='bbox 1787 1952 1858 2011; x_wconf 87' lang='lat' dir='ltr'>et</span> <span class='ocrx_word' id='word_1_129' title='bbox 1904 1945 2106 2010; x_wconf 88' lang='lat' dir='ltr'>Mart.</span> <span class='ocrx_word' id='word_1_130' title='bbox 2153 1946 2467 2011; x_wconf 87' lang='lat' dir='ltr'>voculam</span> <span class='ocrx_word' id='word_1_131' title='bbox 2513 1944 2635 2009; x_wconf 86' lang='lat' dir='ltr'>‘in’</span> <span class='ocrx_word' id='word_1_132' title='bbox 2684 1944 2879 2009; x_wconf 85' lang='lat' dir='ltr'>adhi-</span> 
     </span>
    </p>
   </div>
   <div class='ocr_carea' id='block_1_4' title="bbox 37 3376 42 4250">
    <p class='ocr_par' dir='ltr' id='par_1_7' title="bbox 37 3376 42 4250">
     <span class='ocr_line' id='line_1_16' title="bbox 37 3376 42 4250; baseline 0 0"><span class='ocrx_word' id='word_1_133' title='bbox 37 3376 42 4250; x_wconf 95' lang='lat' dir='ltr'> </span> 
     </span>
    </p>
   </div>
   <div class='ocr_carea' id='block_1_5' title="bbox 465 2050 2877 4484">
    <p class='ocr_par' dir='ltr' id='par_1_8' title="bbox 465 2050 2877 2459">
     <span class='ocr_line' id='line_1_17' title="bbox 529 2050 2877 2139; baseline 0 -24"><span class='ocrx_word' id='word_1_134' title='bbox 529 2050 688 2115; x_wconf 91' lang='lat' dir='ltr'>bere</span> <span class='ocrx_word' id='word_1_135' title='bbox 741 2052 1154 2117; x_wconf 87' lang='lat' dir='ltr'>maluerunt:</span> <span class='ocrx_word' id='word_1_136' title='bbox 1219 2052 1403 2116; x_wconf 83' lang='lat' dir='ltr'>Fast.</span> <span class='ocrx_word' id='word_1_137' title='bbox 1451 2052 1553 2115; x_wconf 91' lang='lat' dir='ltr'>IV</span> <span class='ocrx_word' id='word_1_138' title='bbox 1605 2059 1726 2117; x_wconf 83' lang='lat'>742</span> <span class='ocrx_word' id='word_1_139' title='bbox 1788 2051 1909 2116; x_wconf 88' lang='lat' dir='ltr'>‘Et</span> <span class='ocrx_word' id='word_1_140' title='bbox 1957 2058 2186 2139; x_wconf 89' lang='lat' dir='ltr'>crepet</span> <span class='ocrx_word' id='word_1_141' title='bbox 2231 2052 2306 2117; x_wconf 88' lang='lat' dir='ltr'>in</span> <span class='ocrx_word' id='word_1_142' title='bbox 2357 2052 2600 2118; x_wconf 79' lang='lat' dir='ltr'>mediis</span> <span class='ocrx_word' id='word_1_143' title='bbox 2644 2052 2877 2117; x_wconf 86' lang='lat' dir='ltr'>laurus</span> 
     </span>
     <span class='ocr_line' id='line_1_18' title="bbox 531 2156 2876 2246; baseline 0 -24"><span class='ocrx_word' id='word_1_144' title='bbox 531 2157 774 2223; x_wconf 88' lang='lat' dir='ltr'>adusta</span> <span class='ocrx_word' id='word_1_145' title='bbox 817 2156 1028 2223; x_wconf 83' lang='lat' dir='ltr'>focis’.</span> <span class='ocrx_word' id='word_1_146' title='bbox 1101 2159 1302 2224; x_wconf 90' lang='lat' dir='ltr'>Mart.</span> <span class='ocrx_word' id='word_1_147' title='bbox 1351 2159 1461 2225; x_wconf 88' lang='lat' dir='ltr'>IX</span> <span class='ocrx_word' id='word_1_148' title='bbox 1508 2166 1610 2241; x_wconf 86' lang='lat'>22,</span> <span class='ocrx_word' id='word_1_149' title='bbox 1661 2166 1718 2223; x_wconf 85' lang='lat'>6.</span> <span class='ocrx_word' id='word_1_150' title='bbox 1805 2158 1941 2225; x_wconf 85' lang='lat' dir='ltr'>Sed</span> <span class='ocrx_word' id='word_1_151' title='bbox 1987 2159 2105 2225; x_wconf 89' lang='lat' dir='ltr'>illa</span> <span class='ocrx_word' id='word_1_152' title='bbox 2151 2159 2525 2246; x_wconf 77' lang='lat' dir='ltr'>particulae</span> <span class='ocrx_word' id='word_1_153' title='bbox 2571 2159 2708 2223; x_wconf 88' lang='lat' dir='ltr'>‘ad&#39;</span> <span class='ocrx_word' id='word_1_154' title='bbox 2758 2180 2876 2246; x_wconf 90' lang='lat' dir='ltr'>po—</span> 
     </span>
     <span class='ocr_line' id='line_1_19' title="bbox 529 2265 2875 2352; baseline 0 -23"><span class='ocrx_word' id='word_1_155' title='bbox 529 2270 738 2329; x_wconf 88' lang='lat' dir='ltr'>testas</span> <span class='ocrx_word' id='word_1_156' title='bbox 782 2286 1016 2329; x_wconf 88' lang='lat' dir='ltr'>rursus</span> <span class='ocrx_word' id='word_1_157' title='bbox 1064 2265 1348 2331; x_wconf 84' lang='lat' dir='ltr'>offertur</span> <span class='ocrx_word' id='word_1_158' title='bbox 1394 2288 1496 2352; x_wconf 86' lang='lat' dir='ltr'>ap.</span> <span class='ocrx_word' id='word_1_159' title='bbox 1527 2266 1651 2331; x_wconf 86' lang='lat' dir='ltr'>Ov.</span> <span class='ocrx_word' id='word_1_160' title='bbox 1681 2266 1865 2331; x_wconf 85' lang='lat' dir='ltr'>Fast.</span> <span class='ocrx_word' id='word_1_161' title='bbox 1906 2265 2006 2331; x_wconf 92' lang='lat' dir='ltr'>VI</span> <span class='ocrx_word' id='word_1_162' title='bbox 2035 2272 2163 2331; x_wconf 85' lang='lat'>340</span> <span class='ocrx_word' id='word_1_163' title='bbox 2212 2266 2520 2331; x_wconf 87' lang='lat' dir='ltr'>‘asellum</span> <span class='ocrx_word' id='word_1_164' title='bbox 2545 2265 2875 2349; x_wconf 88' lang='lat' dir='ltr'>Liquerat</span> 
     </span>
     <span class='ocr_line' id='line_1_20' title="bbox 465 2371 2587 2459; baseline -0 -22"><span class='ocrx_word' id='word_1_165' title='bbox 465 2420 469 2422; x_wconf 91' lang='lat'>-</span> <span class='ocrx_word' id='word_1_166' title='bbox 531 2371 619 2437; x_wconf 89' lang='lat' dir='ltr'>ad</span> <span class='ocrx_word' id='word_1_167' title='bbox 662 2371 886 2459; x_wconf 86' lang='lat' dir='ltr'>ripas’.</span> <span class='ocrx_word' id='word_1_168' title='bbox 978 2371 1123 2437; x_wconf 80' lang='lat' dir='ltr'>Tib.</span> <span class='ocrx_word' id='word_1_169' title='bbox 1171 2373 1243 2436; x_wconf 88' lang='lat' dir='ltr'>H</span> <span class='ocrx_word' id='word_1_170' title='bbox 1290 2380 1347 2456; x_wconf 85' lang='lat'>5,</span> <span class='ocrx_word' id='word_1_171' title='bbox 1398 2380 1480 2436; x_wconf 85' lang='lat'>54</span> <span class='ocrx_word' id='word_1_172' title='bbox 1529 2371 1643 2436; x_wconf 86' lang='lat' dir='ltr'>‘ad</span> <span class='ocrx_word' id='word_1_173' title='bbox 1688 2372 1870 2458; x_wconf 86' lang='lat' dir='ltr'>ripas</span> <span class='ocrx_word' id='word_1_174' title='bbox 1918 2394 2103 2438; x_wconf 84' lang='lat' dir='ltr'>arma</span> <span class='ocrx_word' id='word_1_175' title='bbox 2148 2372 2388 2438; x_wconf 87' lang='lat' dir='ltr'>relicta</span> <span class='ocrx_word' id='word_1_176' title='bbox 2433 2371 2587 2437; x_wconf 89' lang='lat' dir='ltr'>dei’.</span> 
     </span>
    </p>

    <p class='ocr_par' dir='ltr' id='par_1_9' title="bbox 531 2478 2869 2781">
     <span class='ocr_line' id='line_1_21' title="bbox 709 2478 2869 2566; baseline 0 -23"><span class='ocrx_word' id='word_1_177' title='bbox 709 2484 765 2543; x_wconf 90' lang='lat'>2.</span> <span class='ocrx_word' id='word_1_178' title='bbox 831 2479 1412 2566; x_wconf 88' lang='lat' dir='ltr'>Praepositionem</span> <span class='ocrx_word' id='word_1_179' title='bbox 1459 2479 1666 2545; x_wconf 89' lang='lat' dir='ltr'>‘ante’</span> <span class='ocrx_word' id='word_1_180' title='bbox 1717 2502 1757 2543; x_wconf 88' lang='lat' dir='ltr'>a</span> <span class='ocrx_word' id='word_1_181' title='bbox 1784 2478 2057 2544; x_wconf 87' lang='lat' dir='ltr'>Latinis</span> <span class='ocrx_word' id='word_1_182' title='bbox 2102 2478 2177 2543; x_wconf 85' lang='lat' dir='ltr'>in</span> <span class='ocrx_word' id='word_1_183' title='bbox 2206 2479 2459 2545; x_wconf 89' lang='lat' dir='ltr'>talibus</span> <span class='ocrx_word' id='word_1_184' title='bbox 2496 2478 2869 2560; x_wconf 81' lang='lat' dir='ltr'>sententiis,</span> 
     </span>
     <span class='ocr_line' id='line_1_22' title="bbox 533 2583 2869 2673; baseline 0 -24"><span class='ocrx_word' id='word_1_185' title='bbox 533 2606 820 2669; x_wconf 87' lang='lat' dir='ltr'>quarum</span> <span class='ocrx_word' id='word_1_186' title='bbox 847 2584 1133 2650; x_wconf 86' lang='lat' dir='ltr'>verbum</span> <span class='ocrx_word' id='word_1_187' title='bbox 1179 2585 1522 2671; x_wconf 86' lang='lat' dir='ltr'>significat</span> <span class='ocrx_word' id='word_1_188' title='bbox 1567 2592 1843 2669; x_wconf 84' lang='lat' dir='ltr'>motum,</span> <span class='ocrx_word' id='word_1_189' title='bbox 1890 2583 2239 2651; x_wconf 89' lang='lat' dir='ltr'>interdum</span> <span class='ocrx_word' id='word_1_190' title='bbox 2283 2593 2678 2673; x_wconf 85' lang='lat' dir='ltr'>usurpatam</span> <span class='ocrx_word' id='word_1_191' title='bbox 2718 2608 2869 2668; x_wconf 87' lang='lat' dir='ltr'>esse,</span> 
     </span>
     <span class='ocr_line' id='line_1_23' title="bbox 531 2690 2728 2781; baseline 0.001 -27"><span class='ocrx_word' id='word_1_192' title='bbox 531 2690 759 2755; x_wconf 86' lang='lat' dir='ltr'>Hand.</span> <span class='ocrx_word' id='word_1_193' title='bbox 807 2691 872 2775; x_wconf 91' lang='lat' dir='ltr'>(I</span> <span class='ocrx_word' id='word_1_194' title='bbox 919 2693 1074 2776; x_wconf 84' lang='lat'><strong>365)</strong></span> <span class='ocrx_word' id='word_1_195' title='bbox 1123 2699 1192 2756; x_wconf 91' lang='lat' dir='ltr'>et</span> <span class='ocrx_word' id='word_1_196' title='bbox 1237 2691 1703 2781; x_wconf 79' lang='lat' dir='ltr'>lexicographi</span> <span class='ocrx_word' id='word_1_197' title='bbox 1749 2692 2143 2758; x_wconf 86' lang='lat' dir='ltr'>docuerunt.</span> <span class='ocrx_word' id='word_1_198' title='bbox 2233 2694 2342 2757; x_wconf 91' lang='lat' dir='ltr'>Pr.</span> <span class='ocrx_word' id='word_1_199' title='bbox 2376 2692 2491 2759; x_wconf 82' lang='lat' dir='ltr'>-IV</span> <span class='ocrx_word' id='word_1_200' title='bbox 2539 2702 2596 2774; x_wconf 86' lang='lat'>2,</span> <span class='ocrx_word' id='word_1_201' title='bbox 2646 2699 2728 2757; x_wconf 83' lang='lat'>56</span> 
     </span>
    </p>

    <p class='ocr_par' dir='ltr' id='par_1_10' title="bbox 755 2797 2869 2886">
     <span class='ocr_line' id='line_1_24' title="bbox 755 2797 2869 2886; baseline 0.001 -25"><span class='ocrx_word' id='word_1_202' title='bbox 755 2797 1106 2864; x_wconf 82' lang='lat' dir='ltr'>‘Transeat</span> <span class='ocrx_word' id='word_1_203' title='bbox 1153 2805 1310 2863; x_wconf 92' lang='lat' dir='ltr'>ante</span> <span class='ocrx_word' id='word_1_204' title='bbox 1337 2820 1519 2863; x_wconf 91' lang='lat' dir='ltr'>meos</span> <span class='ocrx_word' id='word_1_205' title='bbox 1566 2798 1768 2865; x_wconf 89' lang='lat' dir='ltr'>turba</span> <span class='ocrx_word' id='word_1_206' title='bbox 1795 2806 2034 2886; x_wconf 88' lang='lat' dir='ltr'>togata</span> <span class='ocrx_word' id='word_1_207' title='bbox 2064 2800 2313 2886; x_wconf 88' lang='lat' dir='ltr'>pedes’.</span> <span class='ocrx_word' id='word_1_208' title='bbox 2380 2798 2525 2863; x_wconf 79' lang='lat' dir='ltr'>Tib.</span> <span class='ocrx_word' id='word_1_209' title='bbox 2554 2799 2627 2864; x_wconf 90' lang='grc' dir='ltr'>Π</span> <span class='ocrx_word' id='word_1_210' title='bbox 2661 2808 2717 2882; x_wconf 89' lang='grc'>5,</span> <span class='ocrx_word' id='word_1_211' title='bbox 2752 2806 2869 2864; x_wconf 92' lang='grc'>116</span> 
     </span>
    </p>

    <p class='ocr_par' dir='ltr' id='par_1_11' title="bbox 757 2902 2653 2992">
     <span class='ocr_line' id='line_1_25' title="bbox 757 2902 2653 2992; baseline 0.001 -23"><span class='ocrx_word' id='word_1_212' title='bbox 757 2902 958 2969; x_wconf 82' lang='lat' dir='ltr'>‘Ante</span> <span class='ocrx_word' id='word_1_213' title='bbox 1005 2927 1158 2969; x_wconf 90' lang='lat' dir='ltr'>suos</span> <span class='ocrx_word' id='word_1_214' title='bbox 1209 2927 1446 2971; x_wconf 87' lang='lat' dir='ltr'>currus</span> <span class='ocrx_word' id='word_1_215' title='bbox 1491 2906 1744 2992; x_wconf 88' lang='lat' dir='ltr'>oppida</span> <span class='ocrx_word' id='word_1_216' title='bbox 1790 2906 1977 2972; x_wconf 86' lang='lat' dir='ltr'>victa</span> <span class='ocrx_word' id='word_1_217' title='bbox 2021 2905 2243 2973; x_wconf 87' lang='lat' dir='ltr'>feret’.</span> <span class='ocrx_word' id='word_1_218' title='bbox 2334 2906 2373 2970; x_wconf 91' lang='lat' dir='ltr'>I</span> <span class='ocrx_word' id='word_1_219' title='bbox 2422 2913 2520 2989; x_wconf 89' lang='lat'>10,</span> <span class='ocrx_word' id='word_1_220' title='bbox 2573 2912 2653 2972; x_wconf 88' lang='grc'><strong>16</strong></span> 
     </span>
    </p>

    <p class='ocr_par' dir='ltr' id='par_1_12' title="bbox 534 3010 2871 3199">
     <span class='ocr_line' id='line_1_26' title="bbox 755 3010 2871 3100; baseline 0 -25"><span class='ocrx_word' id='word_1_221' title='bbox 755 3010 1141 3075; x_wconf 86' lang='lat' dir='ltr'>‘Cursarem</span> <span class='ocrx_word' id='word_1_222' title='bbox 1185 3018 1448 3078; x_wconf 86' lang='lat' dir='ltr'>vestros</span> <span class='ocrx_word' id='word_1_223' title='bbox 1495 3034 1650 3076; x_wconf 87' lang='lat' dir='ltr'>cum</span> <span class='ocrx_word' id='word_1_224' title='bbox 1704 3018 1900 3077; x_wconf 89' lang='lat' dir='ltr'>tener</span> <span class='ocrx_word' id='word_1_225' title='bbox 1946 3020 2108 3077; x_wconf 89' lang='lat' dir='ltr'>ante</span> <span class='ocrx_word' id='word_1_226' title='bbox 2163 3011 2413 3100; x_wconf 86' lang='lat' dir='ltr'>pedes’.</span> <span class='ocrx_word' id='word_1_227' title='bbox 2505 3013 2626 3078; x_wconf 86' lang='lat' dir='ltr'>Ov.</span> <span class='ocrx_word' id='word_1_228' title='bbox 2676 3012 2871 3078; x_wconf 82' lang='lat' dir='ltr'>Trist.</span> 
     </span>
     <span class='ocr_line' id='line_1_27' title="bbox 534 3117 890 3199; baseline -0.006 -16"><span class='ocrx_word' id='word_1_229' title='bbox 534 3117 636 3183; x_wconf 80' lang='lat' dir='ltr'>IV</span> <span class='ocrx_word' id='word_1_230' title='bbox 684 3125 741 3199; x_wconf 85' lang='lat'>2,</span> <span class='ocrx_word' id='word_1_231' title='bbox 789 3126 890 3182; x_wconf 83' lang='lat'>22.</span> 
     </span>
    </p>

    <p class='ocr_par' dir='ltr' id='par_1_13' title="bbox 536 3223 2873 3525">
     <span class='ocr_line' id='line_1_28' title="bbox 711 3223 2873 3313; baseline 0.001 -25"><span class='ocrx_word' id='word_1_232' title='bbox 711 3224 950 3309; x_wconf 89' lang='lat' dir='ltr'>Neque</span> <span class='ocrx_word' id='word_1_233' title='bbox 982 3247 1143 3291; x_wconf 89' lang='lat' dir='ltr'>vero</span> <span class='ocrx_word' id='word_1_234' title='bbox 1191 3223 1414 3290; x_wconf 88' lang='lat' dir='ltr'>adhuc</span> <span class='ocrx_word' id='word_1_235' title='bbox 1461 3226 1968 3291; x_wconf 88' lang='lat' dir='ltr'>commemorati</span> <span class='ocrx_word' id='word_1_236' title='bbox 2012 3232 2173 3291; x_wconf 91' lang='lat' dir='ltr'>sunt</span> <span class='ocrx_word' id='word_1_237' title='bbox 2201 3224 2349 3309; x_wconf 91' lang='lat' dir='ltr'>loci,</span> <span class='ocrx_word' id='word_1_238' title='bbox 2398 3225 2519 3291; x_wconf 89' lang='lat' dir='ltr'>ubi</span> <span class='ocrx_word' id='word_1_239' title='bbox 2555 3248 2695 3292; x_wconf 88' lang='lat' dir='ltr'>non</span> <span class='ocrx_word' id='word_1_240' title='bbox 2724 3248 2873 3313; x_wconf 91' lang='lat' dir='ltr'>pro-</span> 
     </span>
     <span class='ocr_line' id='line_1_29' title="bbox 536 3330 2871 3419; baseline 0 -24"><span class='ocrx_word' id='word_1_241' title='bbox 536 3330 912 3417; x_wconf 77' lang='lat' dir='ltr'>pinquitaS,</span> <span class='ocrx_word' id='word_1_242' title='bbox 978 3330 1096 3397; x_wconf 88' lang='lat' dir='ltr'>sed</span> <span class='ocrx_word' id='word_1_243' title='bbox 1151 3332 1470 3397; x_wconf 87' lang='lat' dir='ltr'>motionis</span> <span class='ocrx_word' id='word_1_244' title='bbox 1523 3332 1857 3398; x_wconf 87' lang='lat' dir='ltr'>terminus</span> <span class='ocrx_word' id='word_1_245' title='bbox 1904 3332 2349 3419; x_wconf 85' lang='lat' dir='ltr'>intellegatur</span> <span class='ocrx_word' id='word_1_246' title='bbox 2404 3340 2611 3417; x_wconf 89' lang='lat' dir='ltr'>atque</span> <span class='ocrx_word' id='word_1_247' title='bbox 2665 3331 2871 3418; x_wconf 88' lang='lat' dir='ltr'>parti-</span> 
     </span>
     <span class='ocr_line' id='line_1_30' title="bbox 537 3438 2870 3525; baseline 0.001 -24"><span class='ocrx_word' id='word_1_248' title='bbox 537 3438 690 3503; x_wconf 81' lang='lat' dir='ltr'>cula</span> <span class='ocrx_word' id='word_1_249' title='bbox 720 3439 931 3503; x_wconf 84' lang='lat' dir='ltr'>‘ante’</span> <span class='ocrx_word' id='word_1_250' title='bbox 979 3461 1018 3502; x_wconf 88' lang='lat' dir='ltr'>a</span> <span class='ocrx_word' id='word_1_251' title='bbox 1063 3438 1565 3525; x_wconf 88' lang='lat' dir='ltr'>praepositione</span> <span class='ocrx_word' id='word_1_252' title='bbox 1614 3438 1753 3502; x_wconf 86' lang='lat' dir='ltr'>‘ad’</span> <span class='ocrx_word' id='word_1_253' title='bbox 1802 3438 2109 3525; x_wconf 86' lang='lat' dir='ltr'>proxime</span> <span class='ocrx_word' id='word_1_254' title='bbox 2165 3438 2361 3503; x_wconf 90' lang='lat' dir='ltr'>absit.</span> <span class='ocrx_word' id='word_1_255' title='bbox 2446 3440 2568 3504; x_wconf 86' lang='lat' dir='ltr'>Ov.</span> <span class='ocrx_word' id='word_1_256' title='bbox 2606 3438 2707 3503; x_wconf 91' lang='lat' dir='ltr'>Ib.</span> <span class='ocrx_word' id='word_1_257' title='bbox 2752 3446 2870 3505; x_wconf 82' lang='lat'>536</span> 
     </span>
    </p>

    <p class='ocr_par' dir='ltr' id='par_1_14' title="bbox 756 3544 2868 3742">
     <span class='ocr_line' id='line_1_31' title="bbox 757 3544 2868 3631; baseline -0 -22"><span class='ocrx_word' id='word_1_258' title='bbox 757 3544 1074 3609; x_wconf 83' lang='lat' dir='ltr'>‘Excidat</span> <span class='ocrx_word' id='word_1_259' title='bbox 1121 3551 1280 3609; x_wconf 87' lang='lat' dir='ltr'>ante</span> <span class='ocrx_word' id='word_1_260' title='bbox 1325 3544 1530 3631; x_wconf 87' lang='lat' dir='ltr'>pedes</span> <span class='ocrx_word' id='word_1_261' title='bbox 1558 3544 1799 3630; x_wconf 89' lang='lat' dir='ltr'>lingua</span> <span class='ocrx_word' id='word_1_262' title='bbox 1828 3552 2087 3611; x_wconf 86' lang='lat' dir='ltr'>resecta</span> <span class='ocrx_word' id='word_1_263' title='bbox 2131 3546 2329 3611; x_wconf 85' lang='lat' dir='ltr'>tuos’.</span> <span class='ocrx_word' id='word_1_264' title='bbox 2394 3545 2545 3610; x_wconf 88' lang='lat' dir='ltr'>Am.</span> <span class='ocrx_word' id='word_1_265' title='bbox 2576 3546 2612 3609; x_wconf 96' lang='lat' dir='ltr'>I</span> <span class='ocrx_word' id='word_1_266' title='bbox 2653 3551 2753 3629; x_wconf 87' lang='grc'>13,</span> <span class='ocrx_word' id='word_1_267' title='bbox 2794 3552 2868 3611; x_wconf 86' lang='grc'><strong>19</strong></span> 
     </span>
     <span class='ocr_line' id='line_1_32' title="bbox 756 3650 2225 3742; baseline -0.001 -25"><span class='ocrx_word' id='word_1_268' title='bbox 756 3652 1046 3742; x_wconf 80' lang='lat' dir='ltr'>‘vinctos</span> <span class='ocrx_word' id='word_1_269' title='bbox 1093 3657 1251 3715; x_wconf 89' lang='lat' dir='ltr'>ante</span> <span class='ocrx_word' id='word_1_270' title='bbox 1299 3650 1474 3715; x_wconf 90' lang='lat' dir='ltr'>atria</span> <span class='ocrx_word' id='word_1_271' title='bbox 1517 3650 1780 3715; x_wconf 87' lang='lat' dir='ltr'>mittis&#39;.</span> <span class='ocrx_word' id='word_1_272' title='bbox 1873 3651 1944 3716; x_wconf 87' lang='lat' dir='ltr'>H</span> <span class='ocrx_word' id='word_1_273' title='bbox 1994 3658 2094 3734; x_wconf 85' lang='lat'>13,</span> <span class='ocrx_word' id='word_1_274' title='bbox 2146 3659 2225 3716; x_wconf 88' lang='lat'>24</span> 
     </span>
    </p>

    <p class='ocr_par' dir='ltr' id='par_1_15' title="bbox 756 3755 2868 3952">
     <span class='ocr_line' id='line_1_33' title="bbox 756 3755 2868 3846; baseline 0 -23"><span class='ocrx_word' id='word_1_275' title='bbox 756 3757 936 3845; x_wconf 85' lang='lat' dir='ltr'>‘Ipse</span> <span class='ocrx_word' id='word_1_276' title='bbox 963 3755 1178 3821; x_wconf 85' lang='lat' dir='ltr'>feram</span> <span class='ocrx_word' id='word_1_277' title='bbox 1209 3764 1368 3822; x_wconf 85' lang='lat' dir='ltr'>ante</span> <span class='ocrx_word' id='word_1_278' title='bbox 1393 3764 1548 3823; x_wconf 85' lang='lat' dir='ltr'>tuos</span> <span class='ocrx_word' id='word_1_279' title='bbox 1577 3779 1860 3822; x_wconf 89' lang='lat' dir='ltr'>munera</span> <span class='ocrx_word' id='word_1_280' title='bbox 1890 3764 2051 3824; x_wconf 86' lang='lat' dir='ltr'>vota</span> <span class='ocrx_word' id='word_1_281' title='bbox 2077 3759 2328 3846; x_wconf 88' lang='lat' dir='ltr'>pedes’.</span> <span class='ocrx_word' id='word_1_282' title='bbox 2394 3760 2592 3846; x_wconf 89' lang='lat' dir='ltr'>Prop.</span> <span class='ocrx_word' id='word_1_283' title='bbox 2612 3759 2649 3825; x_wconf 87' lang='grc' dir='ltr'>Ι</span> <span class='ocrx_word' id='word_1_284' title='bbox 2672 3764 2770 3842; x_wconf 88' lang='grc'>16,</span> <span class='ocrx_word' id='word_1_285' title='bbox 2791 3766 2868 3824; x_wconf 81' lang='grc'>43</span> 
     </span>
     <span class='ocr_line' id='line_1_34' title="bbox 757 3863 2565 3952; baseline 0.001 -24"><span class='ocrx_word' id='word_1_286' title='bbox 757 3863 964 3928; x_wconf 88' lang='lat' dir='ltr'>‘Ante</span> <span class='ocrx_word' id='word_1_287' title='bbox 1009 3870 1164 3928; x_wconf 89' lang='lat' dir='ltr'>tuos</span> <span class='ocrx_word' id='word_1_288' title='bbox 1213 3863 1532 3948; x_wconf 87' lang='lat' dir='ltr'>quotiens</span> <span class='ocrx_word' id='word_1_289' title='bbox 1578 3864 1759 3929; x_wconf 87' lang='lat' dir='ltr'>verti</span> <span class='ocrx_word' id='word_1_290' title='bbox 1805 3886 1929 3947; x_wconf 89' lang='lat' dir='ltr'>me,</span> <span class='ocrx_word' id='word_1_291' title='bbox 1975 3864 2250 3952; x_wconf 85' lang='lat' dir='ltr'>perfida,</span> <span class='ocrx_word' id='word_1_292' title='bbox 2297 3865 2565 3952; x_wconf 87' lang='lat' dir='ltr'>postes’.</span> 
     </span>
    </p>

    <p class='ocr_par' dir='ltr' id='par_1_16' title="bbox 534 3968 2870 4484">
     <span class='ocr_line' id='line_1_35' title="bbox 715 3968 2867 4057; baseline 0.001 -22"><span class='ocrx_word' id='word_1_293' title='bbox 715 3977 771 4035; x_wconf 89' lang='lat'>3.</span> <span class='ocrx_word' id='word_1_294' title='bbox 847 3969 1108 4035; x_wconf 89' lang='lat' dir='ltr'>Handii</span> <span class='ocrx_word' id='word_1_295' title='bbox 1155 3970 1388 4057; x_wconf 86' lang='lat' dir='ltr'>opinio</span> <span class='ocrx_word' id='word_1_296' title='bbox 1434 3971 1530 4054; x_wconf 89' lang='grc' dir='ltr'>(Π</span> <span class='ocrx_word' id='word_1_297' title='bbox 1564 3968 1673 4055; x_wconf 81' lang='lat'>53)</span> <span class='ocrx_word' id='word_1_298' title='bbox 1728 3971 2016 4037; x_wconf 88' lang='lat' dir='ltr'>Latinos</span> <span class='ocrx_word' id='word_1_299' title='bbox 2060 3994 2201 4037; x_wconf 89' lang='lat' dir='ltr'>non</span> <span class='ocrx_word' id='word_1_300' title='bbox 2248 3972 2497 4039; x_wconf 86' lang='lat' dir='ltr'>dixisse</span> <span class='ocrx_word' id='word_1_301' title='bbox 2544 3972 2747 4037; x_wconf 87' lang='lat' dir='ltr'>‘circa</span> <span class='ocrx_word' id='word_1_302' title='bbox 2792 4012 2867 4021; x_wconf 92' lang='lat'><em>-</em></span> 
     </span>
     <span class='ocr_line' id='line_1_36' title="bbox 535 4076 2870 4162; baseline 0.001 -21"><span class='ocrx_word' id='word_1_303' title='bbox 535 4076 658 4150; x_wconf 85' lang='lat' dir='ltr'>ire&#39;</span> <span class='ocrx_word' id='word_1_304' title='bbox 707 4099 918 4161; x_wconf 88' lang='lat' dir='ltr'>eaque</span> <span class='ocrx_word' id='word_1_305' title='bbox 967 4078 1051 4141; x_wconf 89' lang='lat' dir='ltr'>de</span> <span class='ocrx_word' id='word_1_306' title='bbox 1101 4099 1300 4141; x_wconf 88' lang='lat' dir='ltr'>causa</span> <span class='ocrx_word' id='word_1_307' title='bbox 1343 4100 1440 4143; x_wconf 81' lang='lat' dir='ltr'>vs.</span> <span class='ocrx_word' id='word_1_308' title='bbox 1470 4077 1574 4143; x_wconf 90' lang='lat' dir='ltr'>IV</span> <span class='ocrx_word' id='word_1_309' title='bbox 1617 4085 1674 4161; x_wconf 89' lang='lat'>6,</span> <span class='ocrx_word' id='word_1_310' title='bbox 1722 4084 1761 4143; x_wconf 90' lang='grc'><strong>6</strong></span> <span class='ocrx_word' id='word_1_311' title='bbox 1811 4077 2103 4162; x_wconf 81' lang='lat' dir='ltr'>‘Terque</span> <span class='ocrx_word' id='word_1_312' title='bbox 2147 4077 2377 4145; x_wconf 86' lang='lat' dir='ltr'>focum</span> <span class='ocrx_word' id='word_1_313' title='bbox 2422 4080 2600 4145; x_wconf 87' lang='lat' dir='ltr'>circa</span> <span class='ocrx_word' id='word_1_314' title='bbox 2644 4081 2870 4147; x_wconf 86' lang='lat' dir='ltr'>laneus</span> 
     </span>
     <span class='ocr_line' id='line_1_37' title="bbox 537 4182 2870 4272; baseline 0.002 -25"><span class='ocrx_word' id='word_1_315' title='bbox 537 4182 720 4248; x_wconf 82' lang='lat' dir='ltr'>orbis</span> <span class='ocrx_word' id='word_1_316' title='bbox 753 4184 886 4248; x_wconf 87' lang='lat' dir='ltr'>eat’</span> <span class='ocrx_word' id='word_1_317' title='bbox 919 4184 1400 4270; x_wconf 84' lang='lat' dir='ltr'>Dempsterum</span> <span class='ocrx_word' id='word_1_318' title='bbox 1444 4183 1698 4249; x_wconf 85' lang='lat' dir='ltr'>rectius</span> <span class='ocrx_word' id='word_1_319' title='bbox 1732 4185 2038 4250; x_wconf 88' lang='lat' dir='ltr'>‘circum&#39;</span> <span class='ocrx_word' id='word_1_320' title='bbox 2072 4186 2433 4272; x_wconf 88' lang='lat' dir='ltr'>scripsisse,</span> <span class='ocrx_word' id='word_1_321' title='bbox 2480 4186 2566 4250; x_wconf 88' lang='lat' dir='ltr'>ad</span> <span class='ocrx_word' id='word_1_322' title='bbox 2606 4186 2870 4252; x_wconf 82' lang='lat' dir='ltr'>irritum</span> 
     </span>
     <span class='ocr_line' id='line_1_38' title="bbox 536 4288 2870 4379; baseline 0.002 -25"><span class='ocrx_word' id='word_1_323' title='bbox 536 4288 786 4355; x_wconf 85' lang='lat' dir='ltr'>cecidit</span> <span class='ocrx_word' id='word_1_324' title='bbox 838 4298 1106 4376; x_wconf 87' lang='lat' dir='ltr'>reperto</span> <span class='ocrx_word' id='word_1_325' title='bbox 1162 4290 1310 4355; x_wconf 90' lang='lat' dir='ltr'>loco</span> <span class='ocrx_word' id='word_1_326' title='bbox 1358 4291 1478 4357; x_wconf 85' lang='lat' dir='ltr'>Ov.</span> <span class='ocrx_word' id='word_1_327' title='bbox 1524 4291 1675 4355; x_wconf 77' lang='lat' dir='ltr'>Art.</span> <span class='ocrx_word' id='word_1_328' title='bbox 1722 4314 1847 4355; x_wconf 85' lang='lat' dir='ltr'>am.</span> <span class='ocrx_word' id='word_1_329' title='bbox 1894 4291 2004 4357; x_wconf 89' lang='grc' dir='ltr'>ΠΙ</span> <span class='ocrx_word' id='word_1_330' title='bbox 2050 4299 2177 4357; x_wconf 85' lang='grc'>274</span> <span class='ocrx_word' id='word_1_331' title='bbox 2237 4290 2647 4379; x_wconf 86' lang='lat' dir='ltr'>‘Angustum</span> <span class='ocrx_word' id='word_1_332' title='bbox 2702 4292 2870 4359; x_wconf 85' lang='lat' dir='ltr'>circa</span> 
     </span>
     <span class='ocr_line' id='line_1_39' title="bbox 534 4396 1228 4484; baseline -0.003 -23"><span class='ocrx_word' id='word_1_333' title='bbox 534 4396 746 4463; x_wconf 84' lang='lat' dir='ltr'>fascia</span> <span class='ocrx_word' id='word_1_334' title='bbox 787 4403 1026 4484; x_wconf 88' lang='lat' dir='ltr'>pectus</span> <span class='ocrx_word' id='word_1_335' title='bbox 1075 4396 1228 4460; x_wconf 91' lang='lat' dir='ltr'>eat&#39;.</span> 
     </span>
    </p>
   </div>
   <div class='ocr_carea' id='block_1_6' title="bbox 3053 6 3062 1297">
    <p class='ocr_par' dir='ltr' id='par_1_17' title="bbox 3053 6 3062 1297">
     <span class='ocr_line' id='line_1_40' title="bbox 3053 6 3062 1297; baseline 0 0"><span class='ocrx_word' id='word_1_336' title='bbox 3053 6 3062 1297; x_wconf 95' lang='lat' dir='ltr'> </span> 
     </span>
    </p>
   </div>
  </div>
 </body>
</html>
