3092 5117
579 583 610 620 '·
697 575 905 663 Ergo,
938 576 1100 663 quia
1128 577 1346 643 simile
1378 578 1570 643 deest
1599 579 1998 667 exemplum,
2018 601 2157 645 non
2187 578 2371 664 quod
2387 579 2880 645 Lachmannus

518 683 925 771 particulam
971 684 1092 748 ‘at'
1142 684 1517 769 quidquam
1563 684 1766 770 aliud,
1815 707 2020 770 quam
2063 685 2609 771 indignationem
2654 687 2879 773 signi-

517 790 722 855 ficare
766 797 1155 877 negaverat,
1201 790 1371 855 mihi
1415 792 1735 879 persuasi,
1783 814 1823 856 a
1867 792 2225 879 Propertio
2272 792 2603 881 scriptum
2650 816 2795 859 esse

703 920 794 963 vs.
839 897 912 961 11
961 905 1061 981 27,
1113 903 1143 964 1
1216 898 1335 963 ‘Et
1381 920 1502 964 vos
1547 899 1894 981 incertam,
1940 899 2275 982 mortaleS,
2320 898 2581 965 funeris
2627 900 2875 967 horam

743 1003 1104 1088 Quaeritis,
1151 1010 1221 1069 et
1259 1026 1402 1089 qua
1446 1004 1538 1069 sit
1582 1026 1760 1069 mors
1808 1003 2079 1069 aditura
2122 1004 2271 1071 via’.
2660 1024 2663 1026 ’

695 1110 854 1177 Η110
899 1110 1178 1195 accedit,
1226 1110 1410 1195 quod
1455 1110 1836 1175 sententiae
1882 1110 2187 1196 gravitas
2232 1132 2372 1175 non
2415 1111 2491 1175 in
2520 1134 2688 1179 voce
2721 1112 2868 1178 ‘At'

517 1218 661 1283 sive
708 1217 852 1283 ‘Et'
899 1218 1094 1302 inest,
1141 1217 1260 1282 sed
1305 1218 1534 1305 potius
1582 1217 1893 1283 consistit
1937 1217 2012 1281 in
2056 1218 2456 1304 pronomine
2504 1220 2702 1302 ‘vos',
2752 1221 2869 1286 cui

517 1324 828 1414 opposita
872 1332 1034 1390 sunt
1079 1323 1290 1390 verba
1338 1324 1561 1390 ‘Solus
1609 1346 1837 1389 amans
1882 1324 2105 1390 novit’
2150 1347 2247 1390 vs.
2300 1329 2330 1390 1
2343 1330 2398 1391 1.
2676 1338 2679 1343 ·

697 1430 955 1508 Quodsi
1016 1437 1202 1497 recte
1259 1431 1607 1519 disputavi
1670 1430 1755 1497 de
1818 1453 1947 1495 usu
2001 1430 2501 1497 coniunctionis
2551 1431 2709 1517 ‘At’,
2773 1456 2865 1498 ne

495 1536 1054 1625 «Heydenreichii
1064 1538 1116 1622 ¹)
1164 1538 1441 1623 quidem
1487 1538 1876 1603 coniectura
1907 1537 2045 1603 ‘At'
2095 1560 2261 1625 opus
2310 1545 2413 1604 est
2452 1561 2547 1605 vs
2580 1539 2653 1603 Π
2680 1484 2785 1623 10,
2824 1546 2857 1661 1

527 1670 534 1679 ·
631 1658 640 1666 ’·
742 1635 907 1711 ‘Sed
951 1652 1218 1732 tempus
1264 1645 1557 1710 lustrare
1602 1645 1754 1710 aliis
1799 1644 2133 1711 Helicona
2180 1644 2483 1711 choreis’.

516 1774 651 1839 quo
716 1752 800 1818 de
865 1752 1038 1871 1000,
1105 1774 1259 1816 011111
1322 1774 1562 1840 poema
1622 1752 1699 1817 in
1763 1751 1906 1818 cod.
1958 1750 2166 1817 Grron.
2230 1751 2692 1837 superioribus
2756 1752 2862 1817 in-

512 1860 848 1942 iunctum,
903 1858 978 1925 111
1025 1858 1166 1923 cod.
1215 1859 1426 1947 Neap.
1473 1881 1513 1923 a
1568 1857 2131 1945 praecedentibus
2175 1858 2547 1923 interstitio
2594 1881 2862 1946 separa-

513 1972 662 2043 tum
707 1965 812 2050 sit,
860 1964 1234 2050 quidquam
1281 1966 1472 2030 certi¹
1499 1965 1839 2052 explorari
1882 1964 2003 2030 vix
2046 1964 2319 2051 poterit.
2410 1964 2587 2029 Mihi
2630 1972 2862 2031 autem

511 2094 652 2137 non
697 2071 980 2137 dubium
1028 2078 1147 2155 est,
1195 2072 1362 2157 quin
1406 2072 1652 2137 vocula
1696 2072 1866 2137 ‘sed’
1914 2073 2131 2139 multo
2176 2073 2435 2157 melius,
2482 2096 2687 2159 quam
2724 2074 2860 2157 ‘at’,

511 2178 711 2244 initio
759 2178 1073 2244 carminis
1126 2179 1352 2244 locum
1405 2178 1504 2243 ita
1552 2177 1827 2262 habeat,
1892 2186 1973 2243 ut
2024 2179 2262 2245 eadem
2323 2180 2589 2246 ratione
2651 2188 2860 2267 atque

510 2285 846 2372 particula
892 2286 1106 2371 ‘ergo’
1155 2285 1605 2371 cogitationes
1649 2285 1725 2349 in
1754 2292 1995 2404 poetae
2024 2292 2300 2373 pectore
2330 2288 2601 2353 volutas
2646 2288 2860 2409 inter-

509 2390 735 2478 rumpi
779 2388 1141 2477 significet.
1234 2390 1399 2475 (Cfr.
1447 2414 1622 2477 quae
1668 2392 1949 2479 exposui
1992 2415 2055 2479 p.
2106 2396 2233 2476 22.)

693 2504 748 2563 5.
813 2493 1180 2563 Enuntiati
1224 2496 1518 2564 formula
1566 2498 1649 2562 ‘si
1698 2500 1890 2584 (non)
1938 2537 2023 2547 --
2069 2498 2164 2563 at'
2212 2498 2497 2565 offertur
2540 2499 2643 2566 IV
2678 2508 2731 2584 7,
2771 2448 2855 2567 29

511 2603 614 2669 ‘Si
642 2604 872 2692 piguit
900 2611 1133 2692 portas
1163 2605 1544 2692 procedere,
1574 2611 1646 2669 at
1672 2604 1847 2670 illud
1876 2605 2015 2689 (510,
2044 2606 2415 2670 non‘illuc'
2437 2605 2855 2672 Ribbeckius

508 2710 762 2776 lectum
792 2710 971 2797 vult)
1003 2711 1361 2777 Iussisses'.
1427 2712 1464 2776 1
1497 2719 1554 2795 5,
1589 2719 1626 2776 9
1663 2710 1890 2788 ‘Quod
1917 2712 2021 2776 si
2044 2734 2274 2777 ‚non.
2296 2712 2487 2781 ‚At-ff.
2536 2714 2643 2779 IV
2675 2722 2731 2798 4,
2768 2722 2849 2779 57

510 2816 611 2883 ‘Si
655 2817 880 2883 minus
927 2819 1042 2885 at’.
2772 2854 2775 2857 ⁴

657 2925 899 2991 Paulo
947 2926 1349 3011 exquisitius
1398 2933 1516 3009 est,
1566 2926 1749 3011 quod
1796 2924 2191 3083 Propertius
2237 2927 2606 3014 usurpavit
2643 2871 2853 3013 ‘quod

508 3053 649 3096 non
694 3069 780 3080 —
829 3032 952 3096 at':
1045 3032 1154 3097 ΠΙ
1201 3040 1258 3116 2,
1307 3039 1346 3097 9
1572 3058 1576 3063 ·
1729 3096 1739 3107 l
2774 3072 2779 3077 ·

731 3137 957 3214 ‘Quod
1001 3161 1139 3204 non
1184 3139 1534 3204 Taenariis
1580 3138 1817 3204 domus
1864 3146 1968 3206 est
2012 3138 2183 3203 mihi
2227 3136 2407 3203 fulta
2452 3140 2797 3259 columnis,

727 3244 872 3309 Nec
919 3268 1182 3311 camera
1229 3253 1498 3311 auratas
1543 3246 1726 3311 inter
1771 3244 2031 3311 eburna
2074 3244 2302 3311 trabes
2349 3296 2362 3309 .
2410 3296 2451 3330 .,
2654 3266 2656 3268 ’

528 3378 530 3380 ’
729 3351 828 3417 At
872 3375 1102 3418 musae
1150 3354 1429 3419 comites
1476 3359 1546 3418 et
1592 3353 1893 3418 carmina
1939 3359 2137 3438 grata
2179 3352 2467 3438 legenti'
2472 3404 2485 3417 .

507 3457 620 3522 c'ui
635 3457 964 3543 loquendi
981 3457 1314 3525 formulae
1333 3458 1621 3526 Ovidius
1649 3458 1978 3547 praetulit
2007 3458 2101 3524 ‘Si
2116 3481 2362 3523 11011-
2380 3460 2469 3523 at’
2502 3458 2653 3526 Am.
2673 3460 2711 3524 1
2730 3465 2787 3543 3,
2812 3468 2845 3523 7

729 3565 831 3631 ‘Si
875 3589 983 3631 me
1028 3588 1168 3631 non
1211 3573 1525 3633 veterum
1572 3565 2049 3632 commendant
2092 3588 2343 3652 magna
2388 3572 2755 3653 parentum

725 3673 1019 3739 Nomina
1065 3727 1079 3739 .
1127 3726 1140 3741 .
1186 3673 1331 3739 Nec
1375 3696 1563 3739 meus
1607 3672 1983 3739 innumeris
2028 3680 2397 3739 renovatur
2444 3694 2716 3761 campus
2848 3712 2851 3721 ·

1784 3779 2027 3845 aratris
2072 3830 2087 3844 .
2134 3830 2147 3843 .

725 3884 825 3952 At
869 3886 1182 3953 Phoebus
1231 3886 1645 3972 comitesque
1688 3908 1935 3952 novem
1980 3886 2281 3970 vitisque
2326 3886 2675 3974 repertor’.

686 4000 741 4059 6.
808 3994 1157 4080 Singulari
1212 3993 1392 4077 voci,
1449 4015 1623 4078 quae
1668 3992 2159 4080 praemittitur,
2216 3991 2648 4057 adversativa
2694 4013 2851 4058 con-

502 4098 765 4167 iunctio
812 4102 1096 4190 opponit
1143 4100 1523 4186 sequentia:
1589 4100 1699 4164 ῙΠ
1748 4108 1803 4184 6,
1854 4107 1935 4165 32
1986 4100 2240 4165 ‘Poena
2286 4100 2418 4165 erit
2463 4106 2637 4165 ante.
2666 4121 2849 4165 meos

502 4228 667 4291 sera,
712 4206 832 4272 sed
877 4208 1116 4296 ampla,
1162 4208 1412 4296 pedes’.
1482 4213 1583 4291 18,
1634 4215 1736 4273 22.
1811 4207 1913 4273 IV
1954 4212 2009 4290 1,
2058 4212 2140 4271 98
2192 4206 2414 4289 ‘Vera,
2460 4205 2581 4271 sed
2606 4204 2847 4273 invito

503 4314 797 4400 contigit
851 4316 984 4380 ista
1027 4313 1238 4380 fides’.
1335 4322 1400 4398 8,
1451 4316 1569 4409 32.ν
1644 4313 1749 4378 Ne
1798 4314 1921 4378 ‘at'’
1971 4313 2248 4399 quidem
2302 4318 2533 4378 noster
2586 4311 2851 4400 sprevit

683 4456 722 4525 1)
761 4454 1161 4525 Heydenreich,
1201 4459 1414 4527 quaest.
1461 4456 1618 4528 Prop.
1661 4454 1799 4511 1875
1836 4472 1889 4525 p.
1908 4445 2003 4509 ⁷20.
