3092 5117
1429 395 1875 453 ..30-

691 562 764 629 II
813 570 915 647 26,
964 570 1045 629 41
1099 564 1254 629 ‘ma
1295 564 1464 630 meis
1509 571 1786 630 tantum
1831 588 1970 631 non
2014 588 2320 651 unquam
2368 566 2545 632 desit
2581 568 2852 650 oceIIiS,

691 669 1031 736 Incendat
1073 692 1318 737 navem
1347 670 1397 736 J
1397 671 1677 760 uppiter
1720 671 1865 758 ipse
1894 671 2101 737 licet’.
2150 671 2287 737 Gfr.
2322 672 2442 739 Ov.
2473 674 2664 740 Rem.
2702 677 2849 741 390

692 776 938 843 ‘Maius
985 778 1134 861 erit,
1179 784 1452 843 tantum
1496 800 1633 864 quo
1676 776 1851 865 pede
1898 779 2141 867 coepit,
2188 781 2339 845 eat’.

661 891 714 949 7.
805 884 1046 969 Neque
1119 884 1308 950 illam
1380 885 1872 973 proprietatem
1936 885 2296 971 quisquam
2341 886 2853 953 animadvertit

478 1012 701 1076 neque
747 990 949 1056 huius
997 991 1344 1057 enuntiati
1388 992 1424 1055 Ι
1463 1000 1522 1076 9,
1575 999 1655 1057 29

694 1097 856 1175 ‘Qui
901 1120 1043 1163 non
1089 1106 1248 1164 ante
1293 1105 1500 1186 patet,
1552 1098 1766 1164 donec
1809 1121 2049 1164 manus
2095 1099 2335 1185 attigit
2380 1100 2569 1165 ossa.'

477 1204 519 1269 i.
553 1227 606 1271 e.
655 1226 799 1270 non
843 1210 1004 1270 ante
1052 1244 1134 1255 -
1182 1204 1347 1271 dum
1392 1228 1519 1270 nec
1567 1206 1677 1291 (π
1709 1209 1892 1290 11011).
1950 1206 2331 1271 Particulas
2380 1207 2663 1292 ‘usque',
2698 1210 2850 1273 ‘us-

477 1333 614 1396 que
659 1310 827 1377 adeo
875 1311 1013 1396 (vel
1059 1311 1190 1397 eo)’
1237 1312 1393 1379 voci
1439 1311 1710 1377 ‘donec'
1756 1312 2072 1377 similiter
2126 1312 2213 1377 ad
2258 1312 2640 1399 augendam
2686 1336 2849 1379 ora-

479 1418 742 1484 tionem
785 1418 1184 1505 praemissas
1229 1418 1551 1484 Handius
1599 1417 1672 1482 II
1715 1441 1777 1505 p.
1830 1426 1955 1485 294
2005 1419 2140 1485 iam
2186 1420 2441 1485 attulit.

661 1532 717 1589 8.
765 1524 969 1589 Hlmn
1013 1548 1228 1609 usum,
1275 1548 1409 1611 quo
1455 1525 1703 1592 vocula
1746 1522 1961 1589 ‘dum’
2018 1526 2391 1591 terminum
2434 1526 2849 1612 significans

480 1652 637 1696 cum
665 1629 903 1696 futuro
933 1637 1240 1719 tempore
1270 1632 1587 1719 copulata
1617 1639 1721 1697 est
1751 1632 1975 1719 (Prop.
2008 1633 2044 1696 Ι
2078 1638 2179 1715 14,
2214 1637 2341 1716 14),
2372 1632 2505 1698 alio
2527 1632 2846 1721 exemplo

477 1737 749 1803 firmare
803 1760 946 1803 non
999 1759 1287 1824 possum.
1366 1738 1502 1804 Sed
1558 1737 1681 1804 ubi
1733 1738 2073 1826 particula
2118 1759 2273 1803 cum
2316 1740 2688 1826 praeterito
2735 1739 2849 1803 ita

480 1845 848 1910 coniuncta
903 1851 1030 1927 est,
1078 1851 1183 1927 ut,
1230 1843 1456 1929 quoad
1507 1845 1726 1910 altera
1770 1846 1951 1910 actio
1996 1852 2412 1933 permaneat,
2460 1846 2675 1911 altera
2723 1867 2843 1911 res

479 1950 603 2016 fiat
631 1950 746 2017 vel
777 1948 1060 2034 accidat,
1090 1950 1434 2016 talismodi
1464 1950 1730 2017 duobus
1762 1951 2086 2038 exemplis
2118 1974 2159 2017 a
2188 1952 2535 2038 Draegero
2554 1952 2653 2037 (Π
2676 1956 2845 2036 607)

481 2057 843 2145 adscriptis
891 2056 1141 2122 addere
1185 2056 1377 2122 licet:
1424 2057 1632 2144 Verg.
1679 2056 1853 2124 Aen.
1899 2057 1973 2122 Π
2020 2064 2102 2123 88

700 2163 910 2228 ‘Dum
955 2164 1182 2229 stabat
1224 2186 1437 2250 regno
1483 2164 1843 2263 incolumis
1888 2186 2266 2250 regumque
2311 2165 2594 2251 vigebat

695 2270 1036 2354 Conciliis,
1067 2278 1139 2337 et
1167 2293 1290 2337 nos
1321 2322 1334 2335 .
1357 2322 1370 2335 .
1388 2294 1775 2357 nomenque
1794 2272 2134 2357 decusque
2154 2271 2517 2339 Gessimus.
2562 2274 2666 2338 VI
2686 2280 2846 2339 661.

483 2376 586 2442 VI
635 2383 780 2443 608.
873 2378 1072 2465 Prop.
1119 2378 1223 2443 IV
1270 2383 1371 2461 10,
1421 2385 1502 2443 33

697 2482 1041 2569 ‘Dumque
1087 2484 1259 2549 aries
1303 2506 1575 2549 murum
1622 2535 1635 2548 .
1670 2522 1688 2548 .·
1730 2484 2045 2573 pulsabat
2093 2536 2106 2549 .
2140 2536 2153 2549 .
2189 2536 2201 2549 .
2236 2536 2249 2550 .
2298 2486 2545 2551 Cossus
2592 2486 2733 2551 ait'.

663 2598 720 2656 9.
766 2589 873 2655 De
903 2590 1295 2679 pleonasmo
1327 2590 1540 2679 ‘prius
1560 2630 1647 2639 -—
1670 2612 1875 2675 quam
1893 2630 1980 2638 —-
2000 2592 2187 2657 ante’
2222 2592 2445 2680 (Prop.
2479 2591 2551 2656 Π
2584 2600 2685 2676 25,
2725 2598 2843 2675 25)

482 2696 752 2761 monuit
804 2696 1122 2762 Handius
1178 2698 1214 2761 Ι
1273 2703 1419 2763 396.
1513 2697 2086 2763 Coniunctionem
2134 2698 2545 2786 ‘postquam'
2592 2705 2838 2786 poetae

483 2824 642 2869 cum
684 2801 1350 2891 plusquamperfecto
1399 2804 1784 2890 copulatam
1832 2804 2017 2870 haud
2062 2804 2163 2870 ita
2199 2803 2841 2890 frequentaverunt.

483 2910 681 2997 Prop.
713 2909 816 2974 IV
849 2916 908 2993 9,
942 2916 1044 2975 68.
1118 2910 1344 2997 Lygd.
1378 2918 1436 2994 4,
1469 2916 1573 2976 41.
1652 2912 1773 2976 Ov.
1805 2911 1967 2976 Her.
1998 2912 2074 2975 X
2106 2920 2207 2977 46.
2284 2911 2445 2977 Met.
2480 2911 2654 2977 VIII
2686 2918 2836 2977 875.

488 3016 690 3081 Trist.
737 3016 838 3081 IV
885 3025 944 3101 4,
995 3025 1094 3083 70.
1186 3017 1389 3104 Verg.
1435 3017 1611 3083 Aen.
1659 3019 1769 3083 XI
1816 3026 1918 3084 94.

665 3128 764 3188 10.
855 3124 1246 3190 Relativam
1319 3125 1713 3213 temporalis
1788 3126 2165 3212 particulae
2232 3124 2835 3210 ‘quandocunque'

483 3237 893 3318 potestatem
934 3231 1155 3295 lexica
1196 3254 1336 3297 uno
1381 3232 1546 3297 Hor.
1592 3232 1812 3319 Epist.
1860 3232 1896 3295 Ι
1945 3238 2054 3316 14,
2105 3239 2182 3298 17
2232 3232 2381 3298 loco
2413 3230 2842 3297 confirmant.

484 3337 684 3425 Prop.
731 3336 805 3401 Π
854 3342 908 3421 1,
960 3345 993 3402 7
1007 3344 1037 3402 1
1090 3337 1681 3423 ‘Quandocunque
1724 3337 1945 3424 igitur
1989 3338 2207 3403 vitam
2250 3360 2401 3403 mea
2435 3337 2581 3404 fata
2610 3360 2839 3426 repos-

489 3451 663 3527 cent,
717 3444 1072 3510 Maecenas
1129 3496 1142 3507 .
1175 3496 1188 3507 .
1236 3444 1494 3510 Esseda
1550 3496 1563 3508 .
1598 3497 1611 3509 .
1668 3445 1873 3510 siste.’
1944 3451 2045 3529 17,
2096 3452 2175 3511 17
2244 3442 2841 3530 ‘Quandocunque

484 3550 705 3636 igitur
747 3558 1018 3617 nostros
1063 3573 1242 3616 mors
1289 3551 1563 3616 claudet
1606 3552 1872 3636 ocellos,
1918 3549 2220 3640 Accipe’.
2299 3550 2446 3617 Tib.
2477 3550 2580 3618 IV
2616 3556 2671 3635 1,
2704 3556 2838 3617 210

485 3655 1076 3742 ,Quandocunque
1139 3656 1484 3723 hominem
1527 3680 1637 3722 me
1680 3658 1893 3744 longa
1935 3657 2271 3745 receperit
2314 3665 2499 3723 aetas
2547 3708 2560 3721 .
2613 3709 2625 3721 .
2678 3656 2835 3723 sub-

485 3762 756 3828 texam'.

669 3875 700 3934 1
713 3875 766 3934 1.
814 3868 1072 3934 Tibulli
1103 3892 1257 3935 cum
1287 3870 1639 3958 proprium
1670 3877 1847 3935 esset
1876 3892 2144 3959 semper
2159 3870 2384 3937 dicere
2404 3875 2463 3937 ‘o
2484 3869 2839 3955 quotiens’,

486 3975 881 4063 Propertius
929 3982 999 4041 et
1044 3976 1330 4041 Ovidius
1379 3981 1444 4041 ‘a
1489 3976 1832 4061 quotiens’
1862 3984 1951 4042 et
1983 3982 2049 4043 ιο
2082 3978 2423 4062 quotiens’
2456 3976 2839 4065 promiscue

486 4081 700 4146 locuti
745 4089 924 4147 sunt.

670 4194 769 4253 12.
845 4188 1044 4253 Illam
1091 4188 1368 4253 dicendi
1413 4189 1996 4274 consuetudinem,
2044 4212 2180 4275 qua
2224 4190 2615 4257 coniunctio
2663 4189 2831 4257 ‘ubi'

488 4317 643 4360 cum
704 4293 940 4362 futuro
1005 4303 1310 4383 tempore
1361 4296 1461 4361 ita
1507 4296 1825 4385 copulata
1868 4304 2176 4385 apparet,
2220 4305 2303 4363 ut
2346 4298 2625 4363 alterius
2673 4319 2833 4384 quo—

488 4425 622 4487 que
668 4402 1051 4468 sententiae
1095 4402 1379 4475 verbum
1423 4402 1606 4467 idem
1652 4410 1920 4490 tempus
1950 4402 2216 4488 habeat,
2257 4403 2392 4469 nisi
2424 4405 2833 4471 comicorum
