3092 5117
1470 455 1913 514 -52-

740 626 835 691 Et
884 625 1073 714 cupit
1119 626 1369 691 iratum
1415 626 1589 691 talos
1634 646 1740 691 me
1786 648 2060 714 poscere
2108 624 2401 690 eburnos

744 732 1066 817 Quaeque
1114 733 1341 798 nitent
1388 754 1577 797 sacra
1622 732 1788 797 vilia
1835 732 2035 797 dona·
2058 732 2214 798 via'.

696 839 978 904 Praeter
1021 838 1402 927 principem
1449 838 1706 924 elegiae
1753 861 1978 921 nem0,
2026 838 2210 923 quod
2254 838 2488 921 sciam,
2535 837 2723 902 illam
2767 838 2873 903 lo-

519 945 779 1031 quendi
833 944 1394 1011 consuetudinem
1447 948 1719 1011 secutus
1775 952 1878 1011 est
1931 944 2065 1010 nisi
2110 944 2424 1027 Ovidius,
2482 944 2603 1029 qui
2657 943 2871 1009 habet

520 1053 596 1117 in
639 1052 825 1117 Fast.
871 1052 908 1116 Ι
958 1057 1082 1117 135
1131 1051 1400 1117 ‘Omnia
1444 1057 1619 1117 tunc
1662 1050 1911 1117 florent
1958 1102 1972 1117 .
2021 1102 2035 1115 .

738 1159 835 1224 Et
879 1157 1080 1223 modo
1127 1209 1141 1221 .
1190 1208 1203 1222 .
1250 1158 1558 1245 operitur
1601 1156 1961 1223 frondibus
2007 1158 2223 1241 arbor,

740 1264 982 1330 Prodit
1028 1271 1098 1329 61
1142 1264 1220 1329 111
1263 1286 1601 1329 61111111111111
1646 1264 1922 1329 6611111116
1967 1262 2178 1329 herba
2224 1266 2467 1345 solum;

738 1371 834 1436 Et
879 1370 1190 1457 tepidum
1235 1371 1544 1436 volucres
1592 1422 1605 1435 .
1653 1421 1667 1436 .
1714 1378 1870 1436 aera
1916 1371 2237 1454 mulcent,

739 1478 957 1543 Ludit
1003 1485 1074 1543 et
1117 1478 1196 1542 in
1239 1477 1456 1564 pratis
1501 1478 1939 1562 luxuriatque
1982 1479 2231 1565 pecus’.

697 1585 875 1650 Nam
921 1607 1266 1672 compares
1313 1584 1521 1649 velim
1578 1606 1732 1649 cum
1776 1584 1905 1649 hoc
1951 1606 2179 1668 versu,
2236 1584 2421 1669 quod
2464 1584 2649 1649 idem
2694 1583 2869 1649 dicit

517 1693 593 1757 in
637 1692 822 1757 Fast.
869 1692 972 1756 IV
1022 1698 1145 1757 127
1228 1691 1433 1756 ‘Vere
1495 1692 1727 1757 nitent
1788 1698 2010 1757 terrae
2058 1743 2071 1755 .
2120 1742 2134 1755 .
2226 1692 2427 1756 Nunc
2490 1690 2739 1756 herbae
2788 1742 2803 1754 .
2854 1742 2868 1755 .

519 1798 872 1867 cacumina
916 1798 1196 1863 tollunt:
1263 1798 1467 1863 Nunc
1512 1820 1810 1884 gemmas
1858 1849 1872 1862 .
1921 1849 1935 1862 .
1981 1798 2237 1885 palmes
2282 1798 2431 1884 agit
2441 1797 2474 1861 '.

694 1905 934 1990 Neque
988 1903 1208 1970 solum
1262 1904 1336 1968 in
1391 1904 1837 1989 sequentibus
1885 1903 2204 1969 membris
2251 1904 2565 1972 voculam
2612 1904 2865 1969 ‘modo’

519 2012 939 2098 cogitatione
985 2011 1149 2076 addi
1193 2019 1482 2096 uterque
1529 2018 1733 2099 110616
1777 2011 2001 2094 1116611,
2048 2034 2289 2077 verum
2332 2011 2409 2076 in
2454 2010 2865 2076 anteceden-

515 2117 702 2183 tibus
751 2118 958 2183 etiam
1004 2118 1347 2183 enuntiati
1389 2117 1718 2206 partibus
1809 2116 2033 2183 Locus
2081 2119 2203 2185 Ov.
2250 2118 2359 2183 Tr.
2406 2117 2478 2182 H
2530 2124 2560 2183 1
2574 2126 2655 2183 50

740 2224 862 2289 ‘Ac
906 2224 1125 2291 veluti
1170 2225 1398 2289 ventis
1445 2223 1871 2311 agitantibus
1916 2233 2071 2291 aera
2118 2247 2258 2290 non
2305 2233 2406 2291 est

738 2331 1065 2416 Aequalis
1109 2331 1332 2397 rabies
1380 2331 1883 2417 continuusque
1927 2330 2135 2415 furor,

738 2438 876 2503 Sed
921 2437 1122 2503 modo
1169 2437 1536 2503 subsidunt
1580 2438 2085 2523 intermissique
2132 2438 2499 2505 silescunt'.

517 2567 661 2610 non
705 2544 938 2629 habet,
996 2544 1157 2630 quia
1201 2552 1351 2610 tota
1395 2546 1741 2611 sententia
1786 2546 2182 2633 suppleatur
2236 2553 2533 2633 oportet,
2592 2553 2863 2611 tantum

516 2652 800 2739 pondus,
848 2658 1186 2737 quantum
1231 2651 1532 2717 eiusdem
1577 2660 1819 2739 poetae
1864 2676 2100 2719 versus
2146 2654 2255 2717 Tr.
2302 2653 2375 2717 Π
2422 2659 2548 2718 528

743 2758 882 2824 ‘Sic
927 2758 1234 2824 madidos
1281 2759 1491 2825 siccat
1538 2759 1777 2845 digitis
1823 2758 2058 2825 Venus
2104 2760 2241 2825 uda
2285 2760 2581 2847 capillos,

739 2866 836 2931 Et
880 2865 1081 2931 modo
1127 2866 1456 2931 maternis
1503 2873 1687 2931 tecta
1731 2866 2008 2931 videtur
2054 2867 2291 2951 aquis’.

694 2971 809 3035 Ad
853 2972 983 3037 hoc
1031 2972 1415 3059 exemplum
1461 2971 1870 3058 exigendam
1918 2996 2060 3038 esse
2107 2972 2403 3039 arbitror
2448 2971 2857 3038 structuram

519 3078 863 3143 enuntiati
907 3080 1106 3166 Prop.
1154 3079 1190 3142 I
1242 3086 1271 3143 1
1287 3085 1340 3162 1,
1393 3086 1423 3144 1

662 3208 668 3215 ·
742 3185 1038 3270 ‘Ecquid
1085 3192 1155 3251 te
1201 3185 1443 3251 mediis
1491 3194 1880 3271 cessantem,
1930 3187 2257 3273 Cynthia,
2296 3187 2504 3271 Baiis,

742 3291 892 3368 Qua
937 3291 1116 3356 iacet
1161 3291 1518 3358 Herculeis
1567 3294 1807 3358 semita
1852 3293 2185 3377 litoribus,

739 3398 835 3464 Et
881 3397 1082 3463 modo
1127 3405 1198 3463 16
1243 3399 1479 3464 Protei
1522 3400 1884 3465 mirantem
1930 3399 2206 3465 subdita
2251 3423 2464 3488 regno

738 3504 1058 3570 Proxima
1101 3504 1386 3570 Misenis
1431 3527 1727 3590 aequora
1757 3557 1770 3571 .
1804 3557 1817 3570 .
1852 3556 1865 3570 .
1912 3506 2147 3573 Nostri
2195 3530 2357 3572 cura
2402 3508 2647 3573 subitP'

693 3612 976 3677 Etenim
1041 3610 1224 3695 quod
1280 3612 1490 3677 verba
1546 3612 1815 3678 ‘mediis
1870 3622 2245 3679 cessantem
2288 3614 2503 3681 Baiis’
2553 3614 2854 3703 opposita

517 3725 680 3782 sunt
725 3716 1008 3783 vocibus
1055 3718 1441 3783 ‘mirantem
1485 3720 1795 3806 proxima
1824 3721 2103 3786 Misenis
2132 3722 2467 3807 aequora',
2516 3722 2854 3804 concedeS,

517 3824 771 3889 auxilio
834 3824 1096 3910 figurae
1160 3822 1298 3889 α’πὸ
1354 3826 1570 3889 κοινοῦ
1626 3826 2027 3891 adverbium
2074 3828 2324 3893 ‘modo’
2382 3824 2855 3900 attrahendum

517 3929 604 3993 ad
657 3930 1100 4017 participium
1153 3933 1578 3997 ‘cessantem’
1636 3956 1861 4018 neque
1914 3933 2338 4020 probandam
2394 3958 2533 4001 esse
2589 3943 2856 4001 senten-

517 4037 685 4101 tiam
723 4036 990 4101 Handii
1036 4037 1170 4121 (ΙΠ
1204 4042 1375 4121 642),
1423 4039 1567 4123 qui·
1589 4040 1901 4105 voculam
1950 4042 2191 4108 ‘modo'
2241 4043 2629 4129 germanice
2670 4043 2853 4125 eben,

519 4142 771 4226 gerade
816 4143 1136 4209 reddidit.
2686 4151 2693 4155 ’

694 4248 1007 4315 Eandem
1051 4250 1380 4335 loquendi
1425 4251 1883 4319 subtilitatem
1927 4256 2201 4343 repperi
2242 4279 2341 4322 vs.
2388 4256 2498 4321 ΙΙΙ
2549 4264 2648 4340 14,
2699 4264 2740 4321 9

742 4356 970 4419 ‘Nunc
1015 4356 1189 4442 ligat
1237 4408 1251 4421 .
1285 4409 1299 4421 .
1347 4357 1665 4424 bracchia
1712 4410 1726 4424 .
1761 4410 1774 4424 .
1821 4362 2081 4427 Missile
2127 4385 2309 4427 nunc
2358 4362 2530 4428 disci
2561 4414 2575 4427 .
2609 4415 2624 4427 .
2663 4372 2853 4447 rotat,

742 4460 1008 4547 Gyrum
1052 4463 1280 4550 pulsat
1327 4466 1534 4551 equis,
1582 4466 1864 4533 niveum
1908 4468 2087 4533 latus
2134 4490 2294 4533 ense
2338 4468 2653 4553 revincit,
