3092 5117
1440 408 1881 466 —32-

665 586 721 642 2.
785 578 1084 645 Firmior
1128 580 1406 666 negatio
1455 578 1646 644 ‘non’
1694 601 1818 667 pro
1850 579 1989 644 ‘ne'
2021 578 2097 643 in
2129 579 2487 645 enuntiato
2522 577 2847 665 optativo

481 683 708 773 posita
761 686 820 751 si
871 708 1012 752 non
1065 686 1319 770 multis,
1375 694 1446 751 at
1499 693 1687 751 certe
1739 685 2097 751 nunnullis
2141 686 2308 751 locis
2356 684 2851 772 comprobatur

483 814 710 877 neque
763 793 1082 885 Handius
1139 794 1265 879 (IV
1319 817 1382 880 p.
1443 797 1506 877 8)
1555 800 1741 859 recte
1794 793 2156 877 iudicavit,
2204 816 2358 858 cum
2405 791 2588 880 apud
2632 792 2844 877 Prop.

702 899 740 965 Ι
787 906 843 984 8,
895 906 976 965 13
1026 900 1284 986 ‘Atque
1331 923 1458 986 ego
1491 922 1633 965 non
1662 900 1932 991 videam
1962 900 2134 966 tales
2166 898 2515 965 subsidere
2546 898 2843 963 ventos‘.

483 1004 900 1093 explicatum
945 1006 1156 1071 vellet
1201 1010 1370 1070 ‘non
1417 1013 1520 1071 est
1566 1004 1753 1091 quod
1796 1005 2110 1071 videam’.
2201 1006 2377 1071 Nam
2432 1004 2572 1088 hic,
2628 1011 2708 1069 ut
2765 1004 2847 1067 in

481 1112 636 1177 aliis
692 1112 993 1179 eiusdem
1049 1113 1305 1199 elegiae
1359 1112 1670 1179 versibus
1725 1134 1911 1177 mera
1962 1120 2127 1178 vota
2170 1112 2323 1177 fieri
2368 1112 2519 1197 quis
2568 1119 2670 1176 est
2716 1110 2848 1195 qui

481 1218 788 1286 nesciat?
863 1218 1262 1284 Cuiusmodi
1325 1242 1544 1307 pauca
1608 1220 1914 1307 exempla
1976 1242 2016 1283 a
2058 1218 2406 1305 Draegero
2456 1219 2517 1302 (I
2564 1221 2719 1302 312)
2770 1224 2846 1282 et

481 1325 861 1391 Kuehnero
893 1324 992 1409 (II
1028 1330 1180 1410 145)
1213 1326 1419 1391 allata
1449 1324 1557 1390 his
1590 1348 1840 1413 augere
1868 1326 2041 1391 mihi
2068 1326 2288 1391 liceat.
2347 1325 2492 1390 Tib.
2524 1324 2628 1391 IV
2665 1332 2719 1407 1,
2756 1330 2842 1389 76

499 1472 502 1477 -
707 1432 894 1496 ‘Non
939 1431 1200 1498 violata
1243 1432 1409 1518 vagi
1452 1432 1786 1497 sileantur
1829 1454 2078 1519 pascua
2122 1431 2345 1497 Solis’.

663 1538 784 1604 Ov.
830 1539 992 1605 Met.
1039 1538 1150 1603 ΙΙΙ
1195 1546 1320 1604 405
1373 1539 1514 1604 ‘Sic
1560 1546 1740 1606 amet
1784 1539 1930 1626 ipse
1974 1539 2153 1622 licet,
2198 1538 2299 1603 sic
2343 1561 2484 1604 non
2531 1537 2849 1626 potiatur

482 1646 761 1711 amato!’
854 1645 1006 1710 Art.
1053 1669 1178 1710 am.
1225 1644 1334 1711 HI
1385 1650 1575 1711 133ι
1586 1668 1731 1711 11011
1761 1646 1903 1711 sint
1934 1646 2079 1711 sine
2109 1647 2263 1732 lege
2296 1645 2568 1733 0οΡ1]11’.
2634 1644 2842 1709 Τ1101;.

483 1752 597 1821 ΠΙ
657 1759 712 1836 7,
772 1759 873 1817 29.
963 1753 1127 1817 Met.
1183 1751 1329 1816 XII
1389 1758 1534 1818 152.
1625 1752 1830 1838 Verg.
1888 1752 2161 1818 E01.X
2220 1762 2274 1817 5.
2367 1754 2533 1817 Hor.
2580 1752 2756 1839 Epp.
2804 1751 2843 1815 I

493 1864 594 1942 18,
645 1866 744 1923 72.
835 1858 1038 1923 Mart.
1085 1859 1186 1924 IV
1234 1865 1336 1943 45,
1388 1866 1442 1923 7.

664 1964 750 2029 In
795 1965 945 2030 aliis
993 1973 1222 2030 autem
1269 1965 1645 2030 enuntiatis
1692 1966 1799 2032 vis
1837 1966 2025 2031 vocis
2072 1967 2266 2031 ‘non’
2300 1966 2390 2030 ad
2420 1966 2841 2051 singularem

484 2071 874 2136 sententiae
919 2078 1184 2158 partem
1229 2071 1547 2158 pertinet.
1604 2056 1609 2061 ’
1641 2073 1749 2135 Pr.
1797 2072 1832 2135 Ι
1880 2078 1935 2155 8,
1991 2078 2068 2137 18
2118 2072 2255 2137 ‘Sit
2302 2071 2635 2137 Galathea
2679 2080 2841 2137 tuae

482 2193 627 2242 non
691 2160 930 2242 aliena*
971 2176 1167 2242 viae’.
1261 2176 1380 2242 Ov.
1415 2178 1553 2241 Ex.
1600 2179 1675 2242 P.
1731 2177 1768 2242 Ι
1818 2184 1871 2262 7,
1924 2185 2023 2243 68.
2125 2178 2233 2242 Pr.
2280 2172 2353 2242 H
2402 2185 2501 2262 26,
2552 2180 2631 2244 4'1
2686 2178 2843 2243 ‘ma

481 2284 654 2349 meis
700 2289 973 2348 tantum
1017 2306 1160 2348 non
1203 2306 1505 2369 unquam
1554 2284 1731 2349 desit
1760 2284 2033 2350 ocellis’.
2109 2284 2220 2349 ΙΠ
2248 2286 2354 2368 15,
2401 2292 2453 2350 1.
2533 2286 2653 2351 Ov.
2685 2284 2836 2349 Am.

489 2388 602 2455 111
649 2397 707 2474 9,
757 2396 858 2455 68.
951 2390 1152 2455 Trist.
1199 2391 1264 2456 V
1313 2398 1369 2475 3,
1420 2398 1520 2455 38.

669 2504 724 2561 3.
823 2497 1399 2584 Compositionem
1463 2502 1580 2563 ‘ne
1626 2538 1712 2546 —-
1756 2500 1941 2582 non’,
2008 2498 2120 2563 cui
2180 2488 2495 2585 inprimis
2550 2497 2837 2564 Ovidius

482 2603 822 2690 indulget,
869 2603 1396 2670 affirmationem
1441 2604 1711 2670 efficere
1754 2614 1996 2670 notum
2044 2613 2162 2690 est,
2209 2605 2330 2671 sed
2377 2605 2612 2670 eadem
2638 2627 2839 2671 voca-

481 2710 650 2775 bula
695 2714 808 2776 ‘ne
855 2750 942 2761 -—
989 2735 1134 2777 non
1180 2713 1454 2797 (nemo)’
1504 2713 1950 2799 negationem
2004 2714 2220 2799 ipsam
2266 2734 2516 2798 augere
2564 2735 2603 2777 0
2648 2712 2838 2777 1111110

484 2817 712 2883 adhuc
776 2825 1372 2884 commemoratum
1437 2825 1556 2884 est.
1666 2820 1909 2904 Itaque
1960 2819 2113 2885 fieri
2157 2842 2301 2885 non
2354 2820 2609 2907 potuit,
2668 2819 2839 2904 quin

489 2930 881 2989 tentaretur
925 2925 1114 2989 100110
1159 2926 1357 3013 Prop.
1405 2926 1479 2990 H
1527 2932 1629 3009 19,
1680 2934 1760 2991 32

713 3030 853 3096 ‘Sic
900 3053 1007 3095 me
1053 3053 1179 3097 nec
1223 3032 1402 3097 solae
1448 3039 1779 3119 poterunt
1826 3039 2133 3097 avertere
2177 3032 2389 3097 silvae
2438 3085 2452 3098 .
2500 3082 2513 3095 .
2564 3083 2577 3096 .

711 3138 898 3214 Quin
945 3160 1071 3224 ego
1117 3138 1191 3203 in
1237 3138 1522 3204 adsidua
1568 3146 1825 3204 mutem
1870 3146 1991 3203 tua
2035 3130 2310 3203 nomina
2355 3138 2613 3225 lingua,

712 3242 1010 3309 Absenti
1055 3268 1254 3310 nemo
1301 3269 1390 3311 ne
1437 3246 1750 3311 nocuisse
1794 3246 2008 3311 velit'.

667 3350 811 3415 Nec
842 3349 1252 3417 Baehrentis
1297 3352 1590 3417 mutatio
1621 3353 1835 3417 ‘dum’
1869 3352 2244 3417 necessaria
2276 3359 2393 3436 est,
2426 3375 2553 3417 nec
2585 3351 2836 3416 codicis

484 3456 697 3549 Neap.
743 3456 1024 3522 lectioni
1071 3462 1296 3524 ‘nemo
1342 3460 1508 3524 non’
1560 3457 1659 3543 ab·
1691 3458 2147 3544 Hertzbergio
2194 3456 2512 3523 defensae
2556 3457 2836 3536 favebit,

485 3562 880 3649 quicunque
926 3586 1129 3649 quam
1173 3566 1316 3631 vim
1360 3565 1719 3653 postremis
1766 3565 2083 3630 carminis
2129 3565 2439 3630 versibus
2486 3565 2835 3653 imponere

484 3669 700 3735 soleat
744 3676 975 3735 noster
1020 3679 1238 3758 poeta,
1285 3672 1679 3737 attenderit.
1769 3671 2032 3737 Iniuria
2074 3672 2604 3755 Lachmannum,
2652 3672 2835 3757 quod

483 3776 683 3840 illum
734 3776 959 3869 locum
1013 3778 1400 3863 reliquisset
1453 3779 1816 3861 intactum,
1872 3777 2152 3843 Hertzb.
2209 3779 2569 3844 accusavit.
2660 3778 2835 3843 Nam

485 3882 723 3947 eadem
768 3882 1035 3948 ratione
1081 3882 1390 3949 Tibullus
1437 3885 1711 3972 scripsit
1747 3908 1851 3950 vs.
1899 3885 2000 3949 IV
2050 3894 2105 3968 7,
2155 3891 2191 3949 8

679 3985 894 4054 ·‘Non
940 4012 1066 4075 ego
1114 3991 1402 4077 signatis
1451 3992 1815 4077 quicquam
1857 3990 2183 4056 mandare
2227 3990 2514 4075 tabellis,

709 4096 814 4161 Ne
843 4096 1034 4183 legat
1064 4098 1138 4161 id
1169 4121 1368 4163 nemo
1403 4122 1608 4183 quam
1638 4121 1826 4164 meus
1857 4105 2035 4182 ante,
2065 4098 2318 4164 velim’.
2366 4097 2412 4163 i.
2433 4120 2485 4162 e.
2522 4096 2646 4184 sig.
2678 4120 2766 4163 ne
2791 4100 2831 4164 1.

487 4201 690 4283 Quod.
706 4202 840 4267 huc
860 4204 1178 4290 pertinet,
1199 4206 1492 4299 alterum
1511 4206 1783 4293 repperi
1812 4204 2193 4294 exemplum
2213 4205 2409 4271 Ovid.
2422 4206 2533 4269 Ex
2543 4207 2616 4273 P.
2628 4207 2664 4270 I
2680 4212 2735 4290 1,
2752 4214 2831 4271 66

507 4292 515 4300 ’
711 4310 920 4375 ‘Mors
966 4309 1174 4375 faciet
1221 4319 1422 4396 certe,
1470 4336 1560 4377 ne
1605 4312 1749 4396 sim,
1801 4335 1955 4377 cum
2000 4312 2285 4396 venerit,
2338 4313 2521 4378 exul:

641 4410 644 4412 “
711 4415 816 4479 Νο
861 4437 1006 4480 11011
1051 4418 1402 4504 peccarim,
1434 4440 1615 4483 mors
1662 4440 1931 4503 quoque
1976 4440 2119 4485 non
2162 4416 2410 4483 faciet'.
