3092 5117
1366 375 1765 432 —6-

395 563 534 606 non
582 541 702 606 ‘et’
751 564 792 606 a
837 548 1042 629 poeta
1087 541 1375 609 fortasse
1407 544 1738 632 scriptum
1770 568 1927 611 esse.
2000 543 2100 610 At
2144 544 2278 610 alio
2326 544 2525 609 modo
2572 543 2741 608 dici-

394 656 510 713 tur
556 647 730 714 ‘Ibat
775 648 1031 715 videre’
1079 650 1308 738 (Prop.
1355 651 1392 716 I
1440 657 1498 734 1,
1547 657 1655 735 12)
1704 658 1773 718 et
1822 656 2122 740 ‘carpere
2152 652 2491 739 (pontum)
2539 649 2741 714 remis

393 754 554 819 Ibis’
621 755 676 837 (I
724 763 780 840 6,
832 757 942 843 33)
999 764 1206 843 atque
1255 758 1338 823 ‘it
1382 758 1663 843 vivere’,
1730 782 1935 844 quam
1999 750 2084 825 ob
2149 780 2293 823 rem
2356 757 2525 823 haec
2580 779 2742 822 con-

394 862 657 927 iectura
704 862 922 928 doctis
970 886 1113 929 non
1151 864 1371 951 magis
1415 865 1695 953 placuit,
1743 889 1948 951 quam
1984 864 2463 954 interpretatio
2494 864 2744 929 Hertz-

395 968 646 1055 bergii,
703 969 817 1054 qui
878 970 966 1035 ad
1020 970 1313 1057 figuram
1360 972 1735 1059 zeugmatis
1793 971 2213 1059 confugerat.
2305 971 2409 1037 Ne
2454 971 2745 1037 Mueller

397 1076 674 1161 quidem
736 1084 923 1143 recte
968 1078 1303 1144 iudicasse
1349 1078 1520 1143 mihi
1565 1078 1867 1163 videtur,
1934 1102 2089 1145 cum
2150 1078 2302 1145 fieri
2346 1079 2469 1145 vix
2510 1078 2744 1165 possit,

396 1191 477 1247 ut
522 1206 564 1247 a
606 1182 819 1250 verbo
869 1186 1196 1272 ‘parcere'
1265 1191 1336 1251 et
1403 1186 1677 1251 dativus
1725 1185 1994 1253 ‘famae’
2041 1186 2338 1273 pendeat
2394 1192 2466 1250 et
2512 1184 2747 1249 infini-

396 1290 583 1357 tivus
631 1291 918 1358 ‘vivere'.
1012 1293 1329 1378 Denique
1374 1293 1754 1377 Fonteinii,
1818 1293 2161 1380 Madvigii
2202 1291 2747 1376 Baehrentisque

398 1397 808 1484 scripturam
859 1399 1134 1464 ‘Purior
1181 1400 1274 1464 et’
1324 1422 1466 1465 esse
1512 1400 1829 1468 inutilem
1872 1406 2060 1466 ratus
2110 1420 2463 1487 exponam,
2526 1384 2745 1484 qualis

399 1504 490 1567 sit
535 1503 812 1569 illorum
842 1504 1210 1571 verborum
1257 1505 1725 1572 conformatio,
1788 1506 1967 1572 Nam
1997 1505 2307 1572 adhibita
2352 1503 2493 1571 ἀπὸ
2530 1504 2747 1570 κοινοῦ

397 1610 623 1696 figura
636 1610 686 1699 1)
736 1634 819 1676 ex
863 1611 1191 1697 negativo
1245 1612 1550 1679 membro
1596 1613 1673 1678 in
1718 1614 2003 1705 alteram
2059 1612 2437 1679 sententiae
2479 1619 2747 1699 partem

397 1717 687 1783 verbum
741 1718 1112 1783 revocandi
1165 1717 1530 1786 transfero:
1595 1743 1724 1785 nec
1787 1725 2151 1786 revocatur
2212 1741 2489 1807 parcere
2534 1770 2549 1784 .
2598 1769 2611 1783 .
2677 1725 2748 1783 et

427 1855 509 1880 =
558 1824 701 1908 sed)
747 1831 1111 1891 revocatur
1155 1826 1407 1893 vivere.

582 1931 770 2008 Quae
833 1955 941 1997 res
995 1940 1077 1998 ut
1140 1933 1551 2018 illustretur,
1616 1934 1907 1999 alterum
1971 1932 2282 1998 adscribo
2346 1932 2748 2019 exemplum,

401 2059 537 2121 quo
575 2039 851 2105 nullum
896 2039 1183 2105 similius
1229 2040 1635 2125 requiratur.
1725 2039 2010 2105 Etenim
2056 2038 2405 2104 codicibus
2450 2038 2635 2105 inter
2678 2061 2750 2104 se

402 2146 994 2212 consentientibus
1044 2147 1479 2234 Propertium
1523 2146 1837 2214 videmus
1881 2146 2189 2211 locutum
2234 2168 2377 2210 esse
2422 2144 2524 2211 IV
2559 2150 2615 2229 1,
2665 2150 2745 2210 19

630 2251 844 2317 ‘Nulli
891 2276 1052 2319 cura
1097 2251 1235 2319 fuit
1282 2260 1597 2319 externos
1644 2275 1966 2338 quaerere
2012 2252 2224 2335 divos,

629 2359 803 2425 Cum
847 2367 1173 2427 tremeret
1217 2362 1442 2449 patrio
1489 2361 1787 2449 pendula
1832 2360 2037 2425 turba
2081 2381 2289 2443 sacrO,

629 2466 1019 2552 Annuaque
1071 2490 1354 2533 accenso
1403 2467 1744 2533 celebrare
1788 2467 2042 2533 Parilia
2085 2465 2322 2531 faeno’.

587 2573 736 2650 Quo
769 2574 917 2640 loco
948 2573 1242 2641 verbum
1262 2574 1638 2645 ‘celebrare’
1673 2598 1815 2639 esse
1833 2573 2255 2639 infinitivum
2272 2572 2751 2637 Lachmannus

404 2678 550 2766 ipse
595 2681 879 2746 monuit.
971 2682 1226 2747 Tamen
1270 2705 1454 2747 nexu
1507 2682 1825 2747 carminis
1883 2681 2237 2770 desperato
2284 2685 2364 2745 ut
2412 2679 2753 2744 coniectu-

406 2807 553 2851 ram
601 2786 872 2853 ‘Annua
917 2789 1005 2856 at’
1063 2789 1148 2854 ab
1204 2788 1512 2876 Hauptio
1560 2788 2003 2873 Vahlenoque
2059 2792 2443 2873 susceptam
2495 2783 2753 2869 fecerit,

412 2893 574 2959 inde
620 2894 946 2961 accidisse
977 2897 1273 2980 videtur,
1321 2895 1509 2982 quod
1557 2918 1710 2960 cum
1756 2896 1969 2960 altero
2001 2893 2203 2959 alteri
2246 2893 2396 2959 loco
2426 2914 2756 2957 summam

409 3000 934 3069 similitudinem
981 3027 1126 3070 esse
1171 3003 1641 3091 praetervidit.

587 3108 778 3196 Ergo
826 3111 1077 3195 elucet,
1134 3112 1208 3177 in
1255 3111 1568 3177 omnibus
1625 3117 1919 3196 quatuor
1972 3107 2283 3174 versibus
2331 3105 2755 3172 coniunctio-

413 3237 572 3279 nem
620 3216 1096 3304 copulativam,
1145 3242 1317 3304 quae
1364 3218 1645 3283 accedat
1684 3217 1771 3281 ad
1801 3216 2209 3304 particulam
2240 3214 2410 3297 ‘sed’,
2457 3212 2757 3278 retinen-

410 3320 567 3385 dam
615 3346 772 3389 esse.

588 3429 858 3515 Restat,
915 3438 996 3497 ut
1051 3431 1426 3518 adiungam
1481 3430 1917 3496 enuntiatum
1963 3428 2131 3494 ‘Nec
2176 3435 2409 3493 tamen
2456 3477 2469 3490 .
2504 3479 2517 3490 .
2564 3448 2759 3491 revo-

413 3543 608 3601 catur
653 3538 835 3623 etsq.’
892 3546 1172 3627 propter
1225 3561 1512 3624 sequens
1572 3536 1915 3603 distichon
1971 3536 2139 3600 ‘Has
2206 3536 2491 3619 (noctes)
2546 3531 2755 3597 inter'

420 3650 538 3707 aut
569 3646 964 3731 parenthesi
993 3645 1500 3728 includendum,
1533 3652 1671 3727 aut,
1702 3643 1775 3707 id
1808 3642 1991 3727 quod
2021 3642 2098 3706 in
2129 3640 2428 3707 Vahleni
2458 3639 2759 3705 editione

420 3748 679 3815 factum
726 3760 843 3837 est,
889 3753 963 3818 in
1010 3752 1328 3819 carminis
1373 3751 1510 3816 fine
1556 3748 1949 3839 ponendum
1995 3770 2153 3813 esse.

597 3863 652 3923 8.
731 3859 1055 3946 Vulgaris
1121 3859 1613 3948 particularum
1669 3860 1823 3921 ‘nec
1869 3894 1956 3905 -—
2005 3862 2073 3921 et
2138 3853 2346 3941 (que)'
2413 3851 2761 3939 responsio

417 3961 799 4030 invenitur:
845 3966 948 4033 IV
996 3975 1051 4050 5,
1103 3974 1167 4031 3:

389 4320 394 4326 Ι
566 4250 608 4320 1)
647 4248 799 4314 Quae
836 4252 1031 4319 attuli,
1081 4253 1190 4307 duo
1242 4252 1498 4319 exempla
1533 4248 1811 4304 Akenium
1858 4247 2184 4317 effugerunt.
2261 4243 2427 4298 Cuius
2465 4243 2525 4297 in
2570 4242 2764 4298 libello

422 4336 525 4406 (De
561 4338 768 4408 figurae
806 4336 919 4396 ἀπὸ
956 4346 1153 4397 κοινοῦ
1189 4358 1292 4394 usu
1329 4340 1479 4410 apud
1517 4338 1638 4392 Cat.
1678 4338 1799 4392 Tib.
1826 4338 1991 4406 Prop.
2048 4333 2343 4389 Schwerin.
2383 4333 2576 4403 Progr.
2606 4332 2766 4402 1884)

421 4425 536 4480 alia
570 4427 833 4487 invenies,
