3092 5117
1209 380 1647 437 -25-

239 548 385 613 tibi
433 549 707 615 credere
751 549 958 615 turba
1001 557 1220 635 vetat,
1269 550 1442 615 Cum
1488 550 1683 615 videt
1730 601 1745 613 .
1778 601 1791 613 .
1840 550 2157 615 devotam
2204 570 2475 623 currere
2521 600 2535 614 .
2582 596 2602 613 .
2646 579 2655 587 ·

240 652 324 718 in
377 656 662 720 nemus’.
753 656 954 721 Hanc
1007 658 1322 722 voculam
1369 657 1537 722 ‘sed’
1593 656 2072 723 Lachmannus
2136 663 2207 721 et
2270 656 2414 739 alii,
2478 655 2604 741 qui

245 768 538 849 excepto
603 762 1062 849 Hertzbergio
1140 764 1284 829 eius
1347 762 1761 829 sententiam
1821 762 2315 851 probavenmt,
2387 762 2597 827 ‘nam’

241 868 592 954 particula
636 868 721 933 ab
761 869 958 934 Italis
1001 870 1256 957 scripta
1301 877 1819 935 commutavere.
1910 868 2011 933 At
2052 868 2321 934 codices
2366 867 2604 934 rectis·

245 973 418 1039 sime
463 974 734 1040 tradere
779 976 1145 1062 praemissa
1190 976 1546 1042 enuntiata
1586 976 1850 1059 docent,
1898 975 2153 1063 quippe
2200 998 2356 1041 cum
2399 982 2606 1062 poeta

245 1080 343 1145 ad·
385 1104 482 1164 ea,
529 1104 702 1166 quae
746 1089 1106 1147 monuerat
1151 1084 1354 1169 paulo
1401 1089 1579 1167 ante,
1624 1088 2016 1149 revertatur
2058 1082 2174 1148 vel
2202 1082 2430 1170 potius
2461 1082 2603 1169 pri-

245 1209 432 1251 mam
477 1188 804 1253 orationis
847 1197 1114 1277 partem
1159 1189 1483 1256 absolvat.
1552 1188 1716 1255 ‘Sed
1758 1188 1950 1273 (aber
1992 1188 2135 1254 wie·
2170 1192 2439 1275 gesagt)
2468 1188 2605 1254 tibi

251 1294 580 1377 credere’,
633 1295 863 1380 inquit
907 1302 1169 1361 amator
1215 1301 1349 1361 ‘me
1403 1295 1794 1383 impediunt
1847 1294 2051 1361 multi
2094 1294 2257 1379 viri,
2313 1316 2606 1380 quorum

253 1400 569 1467 “lumina
617 1402 876 1467 crimen
921 1401 1140 1489 (facti)
1185 1403 1468 1469 habent’
1482 1404 1514 1467 ’.

431 1507 536 1572 Ne
583 1508 930 1573 Baehrens
985 1509 1266 1593 quidem
1319 1509 1875 1575 coniunctionem
1930 1508 2099 1573 ‘sed’
2150 1508 2348 1595 parvi
2401 1506 2605 1573 aesti-

249 1614 488 1679 mavit.
551 1614 651 1679 At
698 1638 794 1699 60,
841 1615 1025 1700 (111οᾶ
1054 1616 1300 1681 vocula
1329 1616 1516 1681 ‘cum’
1564 1616 1641 1681 in
1672 1615 1843 1680 ‘cur’
1880 1622 2145 1681 mutata
2187 1638 2284 1680 vs.
2318 1620 2356 1679 9
2408 1621 2479 1680 et
2519 1620 2603 1679 10

248 1728 410 1808 post
438 1744 534 1787 νε.
557 1730 596 1787 6
627 1722 874 1809 posuit,
915 1722 1195 1787 nimiam
1222 1722 1367 1788 vim
1395 1722 1623 1788 textui
1653 1720 1838 1787 fecit.
1885 1722 2061 1787 Nam
2092 1721 2245 1806 quis
2277 1729 2397 1805 est,
2429 1720 2601 1807 quin

251 1834 506 1911 cernat,
553 1836 814 1913 quanta
853 1829 1148 1894 inanitas
1180 1829 1436 1895 inesset
1480 1829 1557 1895 in
1602 1829 1833 1894 verbis
1880 1828 2027 1893 ‘sed
2076 1828 2353 1893 credere
2397 1828 2607 1893 turba

250 1934 497 2018 vetat',
527 1935 664 1999 nisi
691 1943 896 2023 poeta
931 1936 1356 2003 adiunxisset
1387 1936 1816 2002 ‘Cum-videt
1835 1984 1848 2000 .
1870 1986 1885 1999 .
1917 1936 2238 2001 devotam
2264 1933 2605 2001 currere'?

437 2048 492 2105 8.
555 2042 847 2107 Plenum
882 2066 1135 2108 nexum
1163 2043 1502 2130 particula
1541 2043 1753 2107 ‘nam’
1782 2042 1883 2107 ita
1911 2034 2269 2125 desiderat,
2298 2048 2380 2106 ut
2408 2063 2605 2129 prae-

249 2147 526 2213 missam
572 2150 984 2215 sententiam
1029 2173 1251 2235 neque
1295 2150 1542 2239 probet
1586 2172 1811 2235 neque
1857 2149 2168 2236 explicet,
2212 2171 2309 2215 vs.
2356 2148 2393 2211 1
2426 2155 2483 2232 8,
2518 2154 2599 2213 21

481 2256 604 2322 ‘Ut
647 2263 720 2321 te
751 2256 1106 2343 (Cynthia)
1140 2309 1153 2321 .
1185 2308 1198 2320 .
1245 2256 1563 2344 Accipiat
1593 2256 1879 2344 placidis
1911 2255 2146 2321 Oricos
2177 2255 2603 2340 aequoribus.

477 2362 653 2426 Nam
697 2385 808 2428 1116
853 2385 993 2428 11011
1037 2363 1218 2427 ullae
1262 2370 1590 2451 poterunt
1631 2384 2060 2449 corrumpere
2096 2358 2389 2427 taedae&

250 2466 295 2532 i.
327 2490 379 2532 6.
425 2467 633 2533 Denn
678 2492 816 2534 was
877 2469 1061 2533 mich
1115 2468 1399 2535 betrifft.
1493 2469 1644 2547 Qua
1698 2468 2003 2535 liberiori
2057 2469 2321 2533 ratione
2367 2475 2605 2557 poetas

251 2574 524 2661 saepius
569 2575 761 2660 loqui
805 2575 912 2641 his
944 2576 1178 2643 Ovidii
1212 2576 1435 2641 tribus
1483 2576 1807 2663 exemplis
1852 2576 2122 2641 firmare
2167 2575 2340 2639 mihi
2383 2575 2606 2640 liceat.

249 2680 340 2745 In
392 2700 490 2745 νε.
536 2681 698 2747 Met.
745 2682 848 2747 VI
895 2689 1019 2749 271
1081 2690 1442 2769 postquam
1497 2682 1585 2747 de
1628 2682 1850 2747 Niobe
1895 2682 2155 2747 dictum
2202 2689 2331 2766 est,
2387 2681 2607 2747 oratio

253 2786 703 2852 continuatur
734 2788 936 2852 ‘Nam
980 2797 1175 2878 pater
1205 2788 1556 2876 Amphion
1585 2840 1598 2852 .
1629 2840 1642 2853 .
1689 2788 2003 2853 Finierat
2033 2840 2045 2852 .
2087 2840 2099 2852 .
2147 2789 2405 2875 pariter
2450 2811 2607 2855 cum

251 2894 411 2959 luce
457 2894 802 2959 dolorem⁷.
869 2896 941 2959 H
972 2903 1118 2961 329.
1165 2896 1341 2962 VIII
1371 2901 1492 2961 531
1547 2896 1867 2962 ‘Pulvere
1904 2895 2225 2960 canitiem
2262 2896 2535 2982 genitor
2555 2946 2568 2959 .
2590 2946 2605 2960 .

477 3001 742 3066 Foedat
787 3001 979 3067 humi
1025 3000 1234 3086 1118116,
1281 3002 1790 3089 spatiosumque
1835 3001 2147 3088 increpat
2194 3025 2451 3068 aevum.

478 3108 656 3173 Nam
701 3108 787 3174 de
834 3116 1054 3174 matre
1097 3132 1339 3175 manus
1386 3108 1520 3174 diri
1566 3108 1699 3175 sibi
1746 3108 2015 3175 conscia
2057 3107 2228 3174 facti

479 3215 736 3301 Exegit
779 3238 1029 3303 poenas
1041 3217 1073 3280 ’.

253 3320 602 3410 Hauptius
647 3322 877 3387 reddit
924 3322 1107 3387 (161111
1150 3346 1288 3388 was
1335 3322 1454 3388 das
1489 3321 1774 3406 betriffla,
1821 3321 2115 3387 dariiber
2148 3319 2447 3385 brauche
2489 3318 2608 3383 ich

253 3426 461 3491 kaum
505 3450 593 3492 zu
636 3428 873 3511 reden,
930 3452 1104 3514 quae
1160 3428 1511 3495 conversio
1568 3426 1955 3513 assequitur
2008 3450 2226 3492 meam
2271 3427 2607 3514 interpre-

255 3534 602 3601 tationem.
693 3535 781 3599 In
827 3535 1143 3601 omnibus
1188 3535 1408 3621 igitur
1451 3535 1559 3599 his
1597 3534 1906 3601 versibus
1953 3533 2146 3619 quasi
2190 3532 2606 3621 praeteritiO,

258 3640 344 3705 (16
392 3663 527 3725 qua
570 3641 773 3706 modo
821 3642 982 3725 dixi,
1032 3642 1485 3728 cognoscitur.

433 3747 540 3812 De
585 3748 924 3836 particula
969 3749 1176 3813 ‘nam'
1225 3770 1267 3813 a
1308 3747 1756 3814 Lachmanno
1802 3747 2055 3812 reiecta
2101 3754 2171 3811 et
2219 3769 2259 3810 a
2288 3745 2600 3811 Vahleno

255 3853 578 3918 restituta
620 3876 718 3919 νε.
750 3854 860 3919 ΠΙ
909 3862 963 3939 7,
1015 3861 1094 3921 19
1129 3854 1289 3919 111110
1321 3853 1709 3919 doctissimo
1741 3854 1891 3919 viro
1923 3853 2277 3935 assentior;
2324 3851 2443 3917 sed
2484 3873 2609 3916 cur

255 3958 440 4024 idem
485 3958 631 4043 (cfr.
678 3959 718 4024 l.
769 3982 821 4024 0.
872 3964 1028 4044 356)
1072 3983 1169 4027 νε.
1217 3961 1304 4024 Π.
1355 3968 1456 4045 26,
1505 3967 1589 4027 49

481 4064 726 4131 ‘Testis
769 4064 1172 4153 Amymone,
1217 4067 1454 4131 latices
1502 4088 1657 4131 cum
1701 4064 1913 4132 ferret
1956 4065 2030 4130 in
2074 4064 2284 4151 Argis

474 4171 885 4259 Compressa‚
933 4181 1003 4238 et
1045 4173 1314 4238 Lernae
1358 4172 1559 4260 pulsa
1600 4170 1905 4238 tridente
1950 4172 2159 4259 palus,

473 4279 621 4344 Iam
665 4278 830 4345 deus
877 4279 1196 4366 amplexu
1240 4286 1481 4345 votum
1524 4278 1881 4366 persolvit:
1928 4285 2001 4343 at
2044 4278 2149 4342 illi

471 4385 707 4452 Aurea
751 4386 1018 4453 divinas
1064 4408 1238 4451 urna
1280 4384 1593 4473 profudit
1638 4385 1889 4470 aquas’.
1930 4450 1933 4455 .
