3092 5117
1198 388 1296 445 '--
1392 405 1648 462 37—

439 581 495 637 4.
562 574 709 638 Per.

437 682 502 763 a)
558 679 658 747 Ut
719 680 1034 768 amplius,
1099 680 1222 745 ubi
1284 680 1452 765 quid
1505 680 1699 745 adest
1760 671 1918 745 sive'
1962 680 2238 764 accidit,
2302 681 2599 768 spatium

259 785 472 851 oculis
517 786 955 870 subiceretur,
1005 794 1246 873 poetae
1290 787 1859 875 praepositionem
1906 788 2074 873 ‘per’
2119 786 2598 873 frequentave-

258 900 439 957 runt.
503 894 564 957 E
610 893 844 958 multis
888 915 1104 979 pauca
1150 892 1462 959 exhibeo:
1508 894 1619 959 111
1654 900 1751 977 13,
1784 900 1863 959 41
1918 893 2189 977 ‘quibus
2236 901 2339 959 est
2380 894 2600 959 tutela

257 1022 380 1087 per
425 1000 668 1085 agron’.
750 1006 850 1084 19,
899 1009 936 1065 5
987 1000 1319 1065 ‘Flamma
1360 1023 1483 1088 per
1527 1001 1837 1066 incensas
1885 1052 1898 1064 .
1932 1052 1945 1064 .
1994 1000 2267 1066 sedetur
2316 1002 2611 1067 aristas’.'

261 1111 364 1189 11,
385 1112 468 1173 33
503 1105 788 1172 ‘furtiva
817 1129 939 1193 per
968 1115 1164 1172 antra
1194 1108 1460 1194 puellae
1480 1108 1725 1173 Oscula
1754 1158 1769 1172 .
1803 1160 1817 1172 .
1847 1107 2094 1172 dedere
2124 1106 2338 1173 viris’.
2391 1116 2489 1192 13,
2512 1113 2597 1174 30

480 1211 708 1277 ‘Nunc
751 1214 966 1278 violas
1009 1212 1296 1279 tondere
1341 1235 1565 1297 manu,
1610 1236 1793 1278 nunc
1838 1214 2054 1279 mixta
2098 1212 2351 1279 referre

575 1319 780 1384 ‘Lilia
823 1320 1170 1406 virgineos
1217 1319 1446 1385 lucida
1490 1342 1615 1408 per
1660 1320 1957 1386 calathos
1970 1321 2003 1384 ’.

257 1423 299 1487 i.
333 1447 387 1488 e.
437 1424 535 1489 ‘in
567 1424 628 1489 d.
659 1425 1032 1491 Korbchen
1075 1427 1317 1491 umher
1357 1426 1719 1513 (liegend)⁷.
1786 1427 1915 1491 0111
1946 1426 2197 1491 similes
2228 1424 2601 1491 sententias

258 1537 340 1595 ut
389 1531 678 1597 dicendo
735 1534 1216 1622 exprimerent,
1273 1534 1468 1599 Ovid.
1517 1535 1827 1599 voculam
1875 1534 2000 1598 ‘in’
2048 1533 2405 1620 usurpavit
2449 1532 2598 1598 Art.

258 1660 384 1702 am.
430 1638 504 1703 Π
553 1645 676 1704 264
747 1638 1061 1705 ‘Adferat
1111 1641 1187 1704 in
1244 1640 1510 1705 calatho
1573 1641 1829 1706 rustica
1894 1641 2071 1705 dona
2124 1640 2318 1727 puer’
2396 1647 2601 1725 atque

258 1744 463 1830 Verg.
513 1746 680 1829 (Ecl.
727 1746 801 1809 Π
846 1754 948 1812 46.
1013 1740 1210 1811 Geor.
1257 1747 1367 1811 [H
1415 1751 1569 1830 402)
1616 1754 1687 1811 et
1731 1748 1929 1834 Prop.
1979 1747 2105 1830 (IV
2154 1756 2211 1830 2,
2261 1749 2371 1829 40)
2418 1745 2600 1811 abla-

259 1850 408 1916 tivo
455 1852 595 1916 solo
640 1852 749 1916 usi
795 1861 971 1919 sunt.

439 1958 784 2024 Particula
827 1968 1060 2026 nostro
1108 1964 1224 2026 ‘an
1260 2000 1339 2009 —-
1373 1960 1637 2027 vorbei’
1684 1960 2016 2026 vertenda
2062 1967 2189 2025 est:
2239 1958 2347 2022 IH
2384 1966 2481 2043 13,
2519 1966 2597 2024 12

485 2066 609 2131 ‘Et
653 2066 870 2154 spolia
915 2066 1263 2154 opprobrii
1307 2075 1542 2133 nostra
1586 2090 1708 2156 per
1754 2089 1871 2133 ora
1914 2066 2175 2132 trahit’.

258 2172 382 2238 Ov.
429 2172 537 2237 Tr.
585 2173 685 2238 IV
734 2181 790 2257 2,
839 2179 920 2238 48
978 2174 1251 2239 ‘Caesar
1297 2224 1310 2237 .
1359 2226 1372 2237 .
1420 2174 1688 2239 veheris
1734 2224 1748 2237 .
1796 2224 1811 2237 .
1857 2173 2093 2261 populi
2140 2172 2273 2237 rite
2317 2193 2441 2260 per
2484 2192 2604 2237 ora

256 2279 409 2343 tui'.
502 2280 666 2344 Hor.
713 2279 852 2345 Sat.
900 2280 973 2345 ΙΙ
1022 2287 1076 2363 1,
1126 2287 1227 2344 64.
1301 2280 1507 2367 Verg.
1554 2280 1754 2346 Geor.
1800 2279 1903 2346 IV
1952 2286 2077 2345 457
2138 2278 2437 2365 ‘fugeret
2481 2300 2603 2366 per

255 2385 582 2450 flumina’.
673 2385 835 2451 Alia
877 2387 1185 2452 invenies
1231 2410 1333 2474 ap.
1380 2388 1604 2452 Hand.
1651 2387 1752 2453 IV
1800 2392 1944 2452 431.
2434 2374 2439 2379 ’

436 2492 510 2576 b)
557 2492 770 2558 Verbi
799 2493 978 2558 actio
1009 2493 1095 2557 ab
1127 2494 1260 2558 alio
1293 2494 1500 2558 alium
1531 2494 1619 2557 ad
1646 2494 1870 2558 locum
1904 2491 2148 2557 defluit
2177 2515 2272 2557 Vs·
2293 2492 2401 2556 IH
2439 2498 2537 2576 14,
2563 2500 2598 2556 5

486 2599 685 2663 (011111
729 2599 870 2686 pila
913 2599 1166 2665 velocis
1211 2598 1394 2664 fallit
1437 2622 1562 2687 per
1603 2599 1922 2664 bracchia
1965 2599 2228 2664 iactus’.

259 2705 303 2768 i.
337 2728 389 2769 e.
422 2707 659 2771 volans
691 2728 731 2769 a
759 2705 858 2770 br.
891 2705 980 2770 ad
1008 2706 1107 2770 br.
1137 2704 1334 2789 fallit,
1383 2728 1519 2791 qua
1551 2706 1636 2771 de
1664 2705 2211 2790 breviloquentia
2254 2704 2365 2770 vd.
2403 2729 2466 2793 p.
2500 2711 2602 2769 39.

261 2812 474 2877 0111113
529 2811 930 2878 elocutionis
985 2812 1505 2900 explicationem
1560 2812 1839 2878 Hertzb.
1883 2812 2113 2876 hausit
2167 2835 2204 2877 0
2258 2811 2605 2877 volumine

258 2918 522 2983 Handii
569 2918 695 3002 (IV
727 2920 899 3005 434),
948 2919 1068 3003 qui
1111 2918 1286 2983 illud
1329 2919 1809 2985 historicorum
1855 2923 2001 3005 ‘per
2038 2918 2303 2983 manus’
2337 2940 2604 3007 compa-

259 3031 553 3091 raverat.
618 3025 930 3090 Eandem
975 3033 1203 3091 autem
1239 3026 1651 3092 sententiam
1679 3026 1887 3091 habet
1916 3025 2327 3114 praepositio
2372 3047 2468 3090 vs.
2501 3024 2605 3089 IV

266 3138 322 3215 8,
359 3137 437 3195 87
489 3130 738 3217 ‘Atque
779 3132 882 3197 ita
909 3139 1173 3198 mutato
1220 3156 1342 3220 per
1371 3133 1645 3219 singula
1671 3134 1877 3220 pallia
1903 3132 2081 3197 lecto
2095 3133 2127 3195 ’.
2193 3139 2263 3196 et
2292 3131 2394 3197 IV
2428 3138 2485 3215 6,
2520 3138 2601 3196 35

485 3238 648 3303 ‘Aut
693 3239 911 3323 qualis
943 3238 1150 3305 flexos
1197 3240 1402 3304 solvit
1433 3239 1753 3327 Pythona
1780 3262 1903 3327 per
1936 3238 2130 3304 orbes
2162 3237 2603 3325 Serpentem'.

261 3344 303 3407 1.
338 3367 390 3409 0.
439 3343 523 3408 ab
579 3367 718 3410 uno
775 3344 939 3410 orbe
993 3346 1078 3410 ad
1135 3346 1426 3411 alterum
1472 3346 1703 3412 orbem
1748 3346 2021 3411 solvens
2075 3345 2425 3410 interemit
2470 3367 2605 3409 ser-

261 3456 556 3537 pentem.
649 3450 752 3516 Cf.
800 3452 920 3517 Ov.
962 3452 1123 3517 Met.
1155 3452 1292 3516 VII
1336 3460 1458 3517 126
1508 3454 1801 3537 ‘Perque
1848 3475 2000 3518 suos
2047 3452 2234 3517 intus
2281 3451 2380 3535 (in
2424 3451 2604 3534 alvo)

261 3578 576 3621 numeros
623 3559 1052 3646 componitur
1097 3557 1366 3623 infans’.
1441 3560 1628 3624 Fast.
1673 3558 1783 3623 III
1818 3565 1947 3624 123
1996 3558 2236 3644 ‘digiti,
2252 3637 2263 3647 ἱ
2282 3580 2406 3645 per
2436 3579 2605 3642 quos

261 3684 616 3728 numerare
661 3665 994 3729 solemus'.

441 3776 502 3858 0)
556 3770 884 3837 Ablativo
929 3771 1396 3855 instrumenti,
1441 3794 1581 3837 non
1628 3794 1882 3856 causae,
1938 3772 2011 3836 id
2060 3771 2241 3857 quod
2286 3770 2605 3835 Hoerleio

263 3879 352 3965 (p.
389 3881 498 3961 60)
543 3877 838 3962 videtur,
882 3877 1223 3965 particula
1267 3880 1649 3965 anteposita
1694 3885 1798 3943 est
1852 3901 1949 3944 vs.
1997 3878 2033 3941 I
2085 3885 2182 3961 15,
2232 3884 2315 3941 34
2365 3876 2603 3961 (000111,

262 3986 394 4050 Per
440 4007 608 4069 quos
654 4006 854 4071 saepe
899 3984 1069 4048 1111111
1117 3984 1378 4050 credita
1420 3984 1820 4072 perfidiast&
1914 3986 2034 4051 Ov.
2082 3983 2233 4048 Am.
2279 3983 2389 4047 III
2430 3991 2486 4067 3,
2523 3990 2603 4048 10

263 4092 421 4156 ‘Per
467 4112 634 4176 quos
667 4090 964 4179 (ocellos)
994 4091 1289 4155 mentita
1334 4097 1438 4156 est
1475 4091 1736 4180 perfida
1779 4114 1979 4179 saepe
2026 4090 2237 4155 mihi’.
2301 4088 2450 4153 Art.
2482 4110 2605 4153 am.

260 4202 290 4263 I
340 4202 462 4262 137
515 4197 796 4283 (ᾶ181ῢ13,
844 4220 967 4284 per
1012 4219 1180 4281 quos
1227 4220 1472 4262 arcana
1515 4197 1840 4283 loquaris’
1846 4248 1860 4261 .

438 4304 766 4370 Maiorem
819 4326 982 4370 vero
1039 4304 1388 4370 licentiam
1442 4312 1676 4371 noster
1730 4303 1863 4369 sibi
1928 4303 2242 4391 sumpsit,
2312 4325 2465 4367 cum
2519 4302 2607 4367 ad

260 4410 614 4477 materiam
660 4410 1177 4497 significandam
1225 4412 1394 4498 ‘per'
1441 4432 1681 4476 vocem
1726 4409 2044 4476 adhibuit
2088 4410 2191 4476 IV
2240 4417 2296 4494 3,
2346 4417 2454 4476 20:
