3092 5117
1124 400 1651 459 ·—29-—

246 568 452 638 libris
481 571 716 655 solum,
747 571 867 638 sed
897 574 973 639 in
1005 574 1260 660 elegiae
1291 572 1500 637 etiam
1525 594 1837 637 sermone
1872 572 2209 660 particula
2230 572 2604 638 invenitur.

123 664 126 667 ’
247 674 422 743 Met.
467 677 505 743 Ι
553 683 705 761 1353
755 688 901 746 420.
978 681 1088 746 ΠΙ
1137 686 1236 745 79.
1313 678 1416 745 IV
1463 686 1612 747 222.
1686 678 1753 744 V
1800 686 1945 743 509.
2009 678 2120 743 IX
2160 686 2260 745 78.
2334 680 2444 747 XI
2494 688 2603 763 263

247 780 397 848 XV
445 790 591 849 303.
681 784 832 851 Am.
879 786 988 853 ΙΠ
1035 794 1093 871 9,
1141 794 1243 852 25.
1344 786 1488 851 cat.
1539 792 1642 869 64,
1690 792 1837 851 339.
1928 786 2126 873 Prop.
2172 784 2275 852 IV
2324 794 2378 871 5,
2432 791 2511 852 19

433 890 800 957 ‘Exorabat
817 916 986 981 opus
1003 893 1249 977 verbis,
1269 914 1394 958 ceu
1411 890 1667 957 blanda.
1694 898 1999 979 pererrat
2019 943 2033 956 .
2054 942 2067 956 .
2086 892 2368 981 lympha
2384 892 2603 958 viam’.

440 1005 494 1061 2.
588 998 1129 1088 Comparationis
1203 999 1498 1065 formula
1559 998 1783 1065 adhuc
1845 1020 2181 1083 nusquam
2232 1006 2604 1079 memorata

180 1115 189 1121 ’
252 1102 544 1169 offertur
587 1104 661 1169 Π
709 1114 765 1189 5,
816 1112 893 1173 11

480 1211 572 1276 ‘N
571 1234 665 1277 011
707 1213 810 1278 ita
855 1212 1264 1301 Carpathiae
1309 1213 1583 1279 variant
1630 1264 1643 1275 .
1678 1262 1691 1276 .
1738 1212 1967 1277 undae
2015 1263 2028 1277 .
2063 1262 2077 1275 .

481 1317 702 1395 Quam
745 1318 946 1386 facile
991 1320 1154 1386 irati
1198 1319 1409 1385 verbo
1453 1324 1817 1385 mutantur
1859 1319 2209 1385 amantes’.

414 1424 533 1503 Ut,
576 1424 690 1489 hic
733 1425 1138 1492 adverbium
1183 1424 1414 1491 ‘facile
1424 1425 1457 1509 ',
1517 1426 1619 1491 ita
1660 1447 1898 1491 vocem
1944 1426 2133 1491 ‘cito'
2185 1424 2263 1490 in
2312 1424 2604 1492 alterum

253 1528 728 1597 similitudinis
771 1532 1151 1597 membrum
1194 1539 1398 1620 poeta
1442 1531 1687 1598 intulit
1730 1532 1804 1597 Π
1851 1539 1907 1615 9,
1958 1539 2041 1597 33

481 1638 664 1703 ‘Non
707 1638 804 1705 sic
849 1639 1112 1705 incerto
1158 1646 1520 1704 mutantur
1562 1638 1838 1703 flamine
1884 1638 2125 1725 Syrtes
2172 1690 2185 1702 .
2220 1690 2233 1702 .

481 1743 700 1821 Quam
746 1746 883 1811 cito
929 1744 1226 1812 feminea
1270 1768 1411 1813 non
1457 1753 1727 1811 constat
1771 1744 2012 1811 foedus
2058 1745 2133 1811 in
2178 1745 2323 1810 ira’.

475 1852 840 1917 Praeterea
885 1852 1152 1939 dignae,
1201 1875 1376 1938 quae
1419 1851 1875 1939 proferantur,
1920 1851 2047 1917 hae
2080 1851 2606 1938 comparationis

249 1953 588 2021 formulae
631 1958 982 2023 videntur:
1038 1958 1110 2023 Π
1160 1966 1259 2042 14,
1309 1966 1345 2024 9
1403 1958 1591 2024 ‘Non
1635 1959 1735 2023 ita
1780 2009 1793 2022 .
1827 2010 1841 2022 .
1887 1957 2031 2023 Nec
2077 1958 2175 2023 sic
2222 2008 2235 2022 .
2268 2008 2282 2021 .
2331 1958 2607 2035 Quanta

251 2085 385 2149 ego
432 2114 445 2127 .
478 2114 491 2127 .
541 2063 788 2150 collegi
830 2064 1126 2151 gaudia'.
1218 2066 1254 2129 I
1305 2070 1404 2148 12,
1454 2073 1492 2130 3
1541 2065 1736 2130 ‘Tam
1778 2064 1997 2129 multa
2041 2064 2163 2129 1113
2200 2086 2351 2128 3130
2383 2063 2607 2130 divisa

251 2177 360 2234 est
403 2170 592 2235 131113
633 2171 828 2255 lecto,
876 2170 1229 2248 Quantum
1253 2172 1577 2259 Hypanis
1626 2223 1637 2236 .
1674 2226 1686 2238 .
1734 2171 2017 2237 dissidet
2051 2170 2359 2236 Eridano
2370 2171 2404 2234 ².
2496 2171 2604 2236 ΠΙ

257 2282 363 2358 21,
415 2281 496 2341 10
545 2276 923 2353 ‘Quantum
970 2278 1198 2362 oculis,
1245 2278 1474 2345 animo
1519 2286 1665 2342 tam
1708 2278 1945 2365 procul
1988 2277 2123 2342 ibit
2166 2278 2395 2342 amor’.
2462 2276 2601 2342 Gfr.

247 2380 393 2446 Liv
435 2381 546 2445 IX
594 2389 694 2467 38,
749 2390 801 2448 1.
878 2385 1075 2471 Prop.
1122 2385 1196 2448 Π
1229 2392 1284 2468 3,
1319 2392 1357 2449 9
1406 2383 1577 2449 ‘Nec
1622 2406 1730 2449 me
1772 2392 1916 2449 tam
1959 2383 2169 2449 facies
2217 2435 2231 2447 .
2266 2434 2278 2447 .
2327 2384 2509 2471 cepit
2540 2435 2553 2447 .
2586 2434 2602 2448 .

249 2487 400 2552 Nec
443 2502 672 2554 com-ae
718 2540 731 2553 .
764 2541 778 2554 .
824 2490 984 2556 Non
1032 2492 1211 2556 oculi
1257 2542 1270 2555 .
1305 2492 1508 2567 „Nec
1554 2492 1749 2576 siqua
1794 2543 1807 2555 .
1851 2542 1864 2555 .
1911 2491 2095 2556 lucet
2142 2542 2154 2555 .
2189 2540 2202 2554 .
2252 2490 2603 2568 Quantum

249 2594 439 2680 quod
483 2646 533 2659 ..
581 2596 828 2662 saltat’.
897 2597 1107 2675 Quasi
1151 2598 1366 2663 versis
1403 2598 1725 2663 membris
1752 2602 1922 2663 ‘non
1950 2605 2225 2663 tantum
2256 2634 2335 2647 -·-
2370 2598 2598 2681 quam'

253 2722 299 2767 a
351 2702 660 2788 Vergilio
706 2701 902 2787 (Aen.
949 2704 1051 2769 VI
1099 2709 1254 2788 352)
1303 2712 1372 2769 et
1417 2705 1624 2770 Livio
1671 2706 1801 2792 (37,
1852 2710 1951 2787 51,
2002 2708 2067 2787 9)
2113 2704 2412 2791 positum
2458 2726 2601 2769 esse

248 2808 720 2898 lexicographi
761 2811 898 2875 1313
941 2820 1372 2877 monuerunt.

432 2922 488 2980 3.
533 2917 700 2983 Post
745 2917 1032 2983 verbum
1075 2918 1351 2984 iurandi
1393 2940 1748 3003 nunquam
1792 2918 2197 3006 particulam
2245 2916 2373 2982 ‘ut’
2405 2938 2599 2983 usur-

249 3028 484 3111 patam
531 3046 672 3087 esse
716 3024 1025 3110 Draeger
1069 3026 1167 3108 (Π
1216 3029 1369 3108 248)
1400 3023 1700 3090 affirmat
1761 3025 1860 3090 At
1890 3025 2051 3089 vide
2081 3025 2280 3111 Pr0p.
2310 3023 2349 3087 I
2383 3030 2481 3107 15,
2514 3030 2597 3089 36

465 3128 636 3194 ‘Hos
681 3129 961 3213 (oculos)
1008 3136 1089 3195 tu
1131 3130 1420 3213 13131133,
1465 3131 1695 3215 siquid
1740 3131 2029 3196 mentita
2072 3129 2331 3212 fuisseS,

464 3236 564 3302 Ut
607 3235 742 3300 tibi
785 3236 1154 3324 suppositis
1201 3238 1597 3305 exciderent
1640 3237 1999 3302 manibus'.

430 3350 486 3407 4.
536 3342 946 3409 Coniunctio
995 3344 1122 3409 ‘ut'
1169 3367 1291 3432 pro
1340 3345 1653 3410 ‘utinam'
1702 3344 2010 3409 adhibita
2047 3350 2176 3409 est:
2222 3342 2295 3407 Π
2333 3350 2390 3427 3,
2422 3352 2505 3409 45

464 3449 618 3513 ‘His
663 3450 904 3515 saltem
948 3458 1028 3516 ut
1072 3458 1308 3516 tenear
1351 3452 1490 3516 iam
1531 3450 1829 3515 finibus'.
1932 3450 2078 3515 Cat.
2128 3458 2229 3534 66,
2280 3456 2363 3515 48

466 3555 538 3619 ‘J
539 3555 828 3643 uppiter,
874 3564 956 3622 ut
1002 3556 1364 3644 Chalybon
1409 3580 1607 3623 omne
1652 3580 1868 3644 genus
1914 3557 2191 3645 pereat’.

427 3661 635 3748 Verg.
663 3662 834 3728 Aen.
865 3664 942 3727 X
975 3670 1121 3729 631.
1199 3664 1321 3731 Ov.
1351 3664 1514 3729 Her.
1546 3664 1731 3729 ΧΠ]
1765 3669 1909 3730 161.
1973 3664 2139 3728 Hor.
2160 3662 2391 3729 Satn
2414 3668 2469 3746 1,
2491 3670 2595 3727 43.

431 3776 486 3833 5.
533 3769 640 3834 De
670 3792 836 3836 voce
868 3769 1191 3853 ‘nedum',
1225 3793 1398 3855 quae
1428 3771 1706 3857 vulgari
1735 3771 1936 3836 modo
1967 3777 2292 3857 usurpata
2312 3777 2597 3857 apparet

247 3870 286 3941 I
330 3878 392 3957 4,
439 3882 497 3958 9,
543 3883 698 3962 post
741 3876 1154 3943 sententiam
1209 3875 1694 3943 affirmativam
1738 3878 2066 3943 collocata
2110 3876 2147 3939 I
2195 3883 2252 3959 9,
2304 3883 2385 3941 32
2434 3876 2594 3941 vide

247 3978 476 4045 Hand.
521 3982 623 4047 IV
673 3988 815 4047 153.
860 3982 996 4072 ,Ad
1041 3991 1455 4049 structuram
1497 3984 1793 4049 timendi
1822 3984 2187 4049 verborum
2216 3983 2594 4069 exigendae

251 4094 415 4152 sunt
460 4088 875 4154 elocutiones
920 4113 1016 4156 vs,
1063 4091 1135 4154 H
1185 4100 1240 4174 7,
1291 4098 1327 4156 3
1377 4090 1641 4156 ‘flemus
1689 4143 1701 4155 .
1735 4143 1748 4155 .
1795 4091 1888 4155 Ni
1933 4112 2055 4156 nos
2103 4090 2485 4155 divideret'.
2525 4098 2595 4155 et

249 4214 346 4259 vs.
394 4194 503 4257 ΙΠ
553 4200 652 4278 12,
703 4200 782 4260 10
831 4195 1160 4261 ‘tabescet
1207 4247 1221 4260 .
1255 4246 1268 4260 .
1315 4220 1405 4262 ne
1450 4198 1675 4263 virtus
1718 4197 1841 4261 fiat
1888 4218 2115 4261 amara
2159 4194 2334 4261 tibi'.

431 4308 486 4365 6.
536 4302 669 4366 Pro
703 4302 1186 4367 coniunctione
1205 4301 1661 4369 condicionali
1690 4302 1941 4369 ‘modo’
1972 4303 2367 4389 Propertius
2386 4302 2593 4368 semel

251 4414 564 4473 ustis-est
609 4430 777 4473 voce
823 4409 1167 4473 ‘tantum:'
