3092 5117
1202 402 1642 461 ...21-

248 574 559 639 4tantum’
608 574 692 639 de
736 572 1165 638 Lachmanni
1212 572 1514 638 editione
1567 572 1791 660 priore
1835 594 2191 661 perperam
2238 572 2597 661 depromp-

248 680 415 745 sisse
479 687 791 769 apertum
849 688 968 747 est.
1059 681 1296 765 Neque
1359 681 1584 745 minus
1632 680 2079 745 offensionem
2122 679 2331 745 habet
2374 678 2597 745 Baeh-

245 787 466 853 rentis
513 788 842 853 correctio
889 788 1074 852 ‘tale'.
1167 788 1344 853 Nam
1389 794 1591 875 poeta
1635 787 1806 852 dicit
1850 784 2201 864 ‘Quamvis
2246 786 2434 873 pacis
2481 808 2596 851 cu-

245 893 477 982 pidus,
540 893 721 959 bella
783 916 938 959 cum
999 894 1227 981 puella
1291 916 1456 979 gero
1481 894 1635 959 ’1166
1679 900 1911 959 tamen
1959 893 2237 959 divitias
2282 891 2594 982 possideo

245 1004 474 1087 neque
537 1000 886 1084 acquirere
941 1001 1199 1067 studeO.
1292 1000 1430 1066 Sed
1484 1023 1607 1067 vos
1661 1007 1889 1066 vestro
1948 999 2129 1065 bello
2176 999 2596 1065 occasionem

245 1106 431 1173 bona
484 1106 855 1192 colligendi
909 1107 1200 1195 captatis
1267 1110 1387 1191 (vs,
1441 1114 1543 1171 12·
1571 1114 1641 1171 et
1689 1115 1768 1172 47
1774 1107 1841 1190 )'.
1932 1106 2195 1171 Eadem
2250 1105 2596 1172 enuntiati

247 1222 611 1298 structura,
659 1235 794 1298 qua
839 1214 1397 1279 coniunctionem
1439 1214 2043 1281 animadvertimus
2073 1212 2414 1279 moderari
2443 1235 2596 1278 sen-

246 1320 508 1387 tentiae
551 1319 1004 1405 antecedenti,
1050 1320 1410 1386 invenitur
1455 1320 1526 1385 H
1577 1328 1606 1385 1
1619 1327 1676 1404 9,
1728 1327 1801 1385 21

475 1427 833 1515 ‘Incipiam
879 1434 1152 1515 captare
1196 1426 1376 1492 feras
1423 1480 1437 1493 .
1487 1480 1500 1495 .
1532 1487 1540 1496 .

473 1534 630 1599 Non
673 1541 905 1599 tamen
949 1541 1029 1599 ut
1074 1542 1302 1600 vastos
1349 1535 1567 1599 ausim
1612 1541 1946 1622 temptare
1990 1533 2263 1599 leones'.

426 1640 744 1725 Denique
771 1663 1094 1727 magnam
1123 1640 1210 1705 ad
1243 1641 1811 1727 cognoscendum,-
1840 1662 1975 1726 quo
2006 1639 2391 1724 referretur,
2412 1637 2597 1743 djffif

247 1746 582 1812 cultatem
625 1746 868 1811 habuit
911 1747 1258 1835 particula·
1291 1770 1389 1814 vs
1419 1746 1522 1813 IV
1573 1754 1672 1831 11,
1722 1756 1798 1813 61

479 1853 600 1917 ‘Et
641 1860 877 1918 tamen
903 1854 1177 1919 emerui
1221 1876 1587 1940 generosos
1632 1854 1842 1919 vestis
1888 1853 2193 1937 honoreS,
2321 1841 2325 1849 ¹

474 1960 619 2025 Nec
663 1982 814 2025 mea
860 1959 944 2025 de
991 1960 1211 2025 sterili
1253 1958 1439 2025 facta
1481 1958 1727 2048 rapina
1771 1960 1969 2026 domo
1983 1960 2016 2027 '.
2415 2009 2420 2013 -

430 2066 582 2143 Qua
626 2088 699 2131 re
742 2065 868 2133 diu
915 2066 1340 2132 considerata
1376 2066 1548 2131 mihi
1576 2066 1897 2153 persuasi,
1943 2088 2217 2132 versum
2251 2072 2283 2131 1
2297 2073 2330 2130 7
2382 2064 2597 2152 expli-

245 2172 542 2239 cationis
577 2195 807 2237 ansam
835 2172 1034 2238 nobis
1066 2173 1244 2239 dare.
1308 2172 1485 2238 Nam
1513 2172 1846 2257 Cornelia,
1893 2179 2257 2261 postquam
2287 2172 2377 2256 id,
2410 2170 2594 2257 quod

243 2275 349 2344 ibi
395 2286 839 2367 proposuerat
885 2280 1251 2344 ‘Inmatura
1295 2279 1473 2363 licet,
1519 2286 1749 2345 tamen
1792 2280 1928 2345 huc
1974 2302 2115 2345 non
2146 2279 2351 2345 noxia
2394 2278 2575 2344 veni’
2578 2328 2595 2362 ,

243 2387 524 2472 longius
569 2393 926 2473 prosecuta
973 2393 1100 2471 est,
1165 2386 1529 2451 contendit
1574 2386 1749 2470 loco,
1807 2386 1892 2451 de
1939 2409 2075 2471 quo
2122 2386 2369 2472 agitur,
2434 2408 2594 2471 sese,

247 2493 562 2579 quamvis
625 2493 1056 2559 immaturam
1119 2493 1548 2560 occubuisset
1616 2500 1927 2578 mortem,
2004 2501 2237 2559 tamen
2313 2492 2597 2580 stirpem

247 2623 333 2665 ex
381 2622 450 2665 se
496 2600 864 2686 reliquisse.

429 2712 488 2772 9.
554 2708 813 2792 Restat,
859 2714 940 2773 ut
970 2706 1217 2773 faciam
1263 2709 1682 2775 mentionem
1711 2708 1953 2773 horum
1982 2730 2322 2776 versuum.
2385 2705 2595 2773 Notio

234 2814 642 2880 -eoncessiva
688 2821 958 2879 constat
1001 2814 1078 2878 in
1123 2815 1472 2881 vocabulis
1520 2816 1693 2881 ‘sive
1736 2850 1825 2867 -ο-
1870 2814 2030 2879 sive'
2078 2815 2151 2878 Π
2200 2822 2301 2899 34,
2350 2820 2429 2879 81
2590 2807 2595 2813 ⁵

425 2974 432 2979 .
475 2920 650 2986 ‘Non
693 2927 924 2986 tamen
967 2920 1133 2986 haec
1178 2922 1307 2986 ulli
1344 2922 1647 2988 venient·
1674 2922 1951 3007 ingrata
1994 2920 2273 3007 legenti,

474 3027 637 3093 Sive
681 3028 758 3092 in
805 3024 1031 3094 amore
1065 3029 1280 3114 rudis,
1327 3030 1472 3095 sive
1517 3029 1779 3116 peritus
1824 3028 2001 3095 erit'.

473 3134 701 3221 Lygd.
745 3135 796 3219 Ι,
849 3142 884 3199 6
935 3135 1088 3200 ‘Seu
1132 3158 1297 3219 mea,
1343 3158 1462 3201 seu
1507 3134 1725 3219 fallor,
1774 3156 1929 3199 cara
1967 3135 2231 3200 Neaera
2273 3132 2547 3198 tamen’.

430 3241 827 3307 Pronomini
870 3242 1013 3307 vim
1054 3241 1512 3309 concessivam
1557 3240 1788 3307 tribuo
1835 3242 2018 3329 apud
2057 3243 2256 3328 Prop.
2301 3240 2338 3304 1
2374 3247 2473 3323 15,
2508 3247 2590 3305 32

479 3347 612 3413 ‘Sis
659 3348 1114 3434 quodcunque
1159 3350 1363 3433 voles,
1410 3371 1555 3414 non
1600 3350 1821 3413 aliena
1863 3348 2121 3413 tamen’
2172 3352 2284 3431 (sc.
2331 3348 2504 3430 eris).

261 3507 266 3513 .
432 3452 571 3527 Ofr
632 3454 778 3519 Tib.
825 3456 862 3520 Ι
908 3462 967 3539 6,
1030 3462 1112 3521 66
1207 3456 1589 3541 ‘Quidquid
1642 3456 1815 3541 agi-t,
1872 3455 2152 3541 sanguis
2208 3462 2310 3519 est
2357 3461 2595 3519 tamen

248 3560 370 3626 illa
417 3561 620 3626 tuus’.

429 3667 811 3733 Verborum
857 3666 1464 3735 conformationem
1508 3691 1605 3735 vs.
1653 3668 1689 3732 I
1738 3674 1838 3753 15,
1888 3676 1924 3733 2
1985 3668 2161 3732 ‘Hac
2205 3675 2437 3731 tamen
2482 3688 2595 3731 ex-

251 3781 466 3863 cepta,
513 3774 836 3862 Cynthia,
883 3775 1193 3864 perfidia’
1225 3798 1614 3864 comparare
1639 3720 1877 3841 licebit
1905 3797 2061 3840 cum
2088 3775 2210 3840 Ov.
2258 3796 2341 3839 ex
2369 3775 2595 3839 Ponto

248 3880 286 3946 Ι
335 3888 392 3965 7,
443 3888 479 3946 6
530 3884 667 3946 ‘me
713 3888 944 3946 tamen
990 3883 1309 3970 excepto’.
1371 3878 1536 3948 Met.
1582 3882 1757 3948 Vm
1804 3888 1959 3947 868.·
2023 3882 2129 3945 1)6
2174 3879 2467 3947 formula
2508 3878 2597 3947 ‘si

249 3987 500 4053 tamen'
550 3988 830 4075 exposui
873 4012 936 4076 p.
988 3997 1090 4056 27.

253 4166 320 4234 n.
409 4164 497 4233 De
543 4165 1098 4236 coniunctionibus
1147 4166 1540 4237 conclusivis
1589 4166 2026 4236 consecutivis
2074 4165 2602 4251 naualibusque.-

434 4319 490 4379 1.
553 4289 953 4397 Propertius
1000 4315 1070 4373 et
1098 4308 1384 4374 Ovidius
1429 4316 1510 4374 ut
1555 4309 1921 4398 particulas
1970 4308 2166 4395 ‘ergo’
2212 4315 2419 4394 atque
2449 4308 2599 4394 ‘igi-

252 4417 392 4483 tur'
439 4417 640 4483 initio
687 4416 1001 4481 carminis
1046 4415 1417 4503 posuerint,
1465 4438 1544 4480 ea
1590 4415 1675 4479 de
1713 4436 1913 4481 causa
1938 4413 2199 4480 factum
2246 4422 2365 4499 est,
2412 4413 2597 4501 quod
