3092 5117
1503 370 1944 427 -54-

727 545 784 602 6.
849 537 1174 622 Tertium,
1220 539 1343 604 ubi
1385 547 1658 627 poetam
1702 540 2105 606 adverbium
2148 563 2273 629 pro
2310 541 2651 608 adiectivo
2698 564 2891 606 usur·

543 666 736 732 passe
781 666 1124 731 agnosces,
1175 621 1560 733 exemplum
1603 653 1827 713 exstat
1872 647 1921 711 Ι
1960 655 2061 731 22,
2110 656 2149 713 2

759 750 1070 829 ‘Quaeris
1115 774 1240 841 pro
1285 760 1518 819 nostra
1564 776 1829 841 semper
1871 754 2216 841 amicitia’.

543 858 667 943 qui
684 858 873 923 locus
889 859 1245 925 Kuttnero
1277 859 1534 948 quippe
1561 860 1929 948 interpreti
1956 837 2133 925 nihil
2166 812 2539 949 explicanti
2568 860 2889 926 audacter

545 971 979 1033 constructus
1035 988 1178 1031 3333
1231 966 1525 1032 videtur.
1616 966 1733 1031 Ad
1788 968 2164 1052 quaerendi
2208 967 2499 1034 verbum
2554 948 2887 1056 particula
2998 990 3003 995 ·

545 1073 876 1159 ‘semper',
925 1094 1079 1137 cum
1121 1072 1510 1139 immodesti
1554 1073 1848 1139 hominis
1895 1075 1987 1140 sit
2015 1096 2334 1162 responso
2380 1098 2521 1141 non
2550 1075 2715 1140 dato
2747 1073 2887 1140 effi-

541 1200 713 1262 cere,
759 1186 840 1244 ut
883 1180 1092 1244 semel
1133 1187 1344 1265 atque
1387 1180 1641 1245 iterum
1676 1181 2063 1267 interroget
2093 1182 2365 1267 amicus,
2412 1182 2722 1248 revocari
2750 1204 2887 1247 non

543 1291 790 1371 potest.
881 1284 1105 1371 Atqui
1151 1287 1551 1375 Propertius
1596 1288 1869 1375 scripsit
1913 1288 1950 1352 Ι
2000 1296 2099 1372 20,
2151 1296 2185 1354 1

760 1392 939 1457 ‘Hoc
983 1414 1108 1480 pro
1157 1393 1483 1459 continuo
1530 1401 1619 1478 te,
1666 1394 1881 1478 Galle,
1928 1417 2279 1460 monemus
2330 1396 2601 1461 amore’.
2677 1430 2679 1435 ·

724 1498 893 1576 Quis
939 1522 1118 1585 ergo-
1148 1498 1453 1584 dubitet,
1504 1500 1674 1585 quin
1719 1501 1906 1566 idem
1946 1501 2163 1567 altero
2210 1502 2358 1567 1030
2406 1503 2719 1590 ‘semper’
2766 1526 2883 1591 pro

542 1628 710 1671 voce
762 1606 1161 1690 .‘continua’
1236 1608 1581 1694 posuerit?
1611 1660 1637 1687 „
1686 1608 1925 1694 Neque
1986 1608 2061 1673 hi
2128 1610 2493 1697 scriptores
2568 1611 2883 1677 maiorem

541 1712 731 1777 illam
770 1736 940 1786 Υ11111
974 1714 1288 1801 ‘semper’
1335 1714 1663 1781 adverbio
1724 1714 2101 1781 attribuere
2152 1715 2568 1781 abnuerunt:
2612 1714 2884 1782 'Teren-

547 1820 685 1885 tius
746 1820 821 1884 in
865 1820 1083 1898 Andr.
1128 1822 1165 1886 Ι
1215 1830 1272 1906 2,
1319 1832 1360 1887 4
1406 1825 1503 1887 ‘et
1550 1822 1701 1887 heri
1749 1844 2013 1911 semper
2056 1823 2301 1889 lenitas
2341 1821 2647 1889 Verebar
2690 1846 2884 1908 quor·

537 1948 690 1991 sum
756 1927 1123 1997 evaderet'.
1213 1929 1426 1994 Cicer.
1473 1929 1649 1996 Phil
1696 1928 1835 1995 VH
1881 1938 1919 1994 4
1988 1930 2125 1995 ‘En
2191 1951 2319 2017 ego
2384 1929 2569 2018 pacis
2628 1952 2883 2018 semper

543 2032 904 2099 laudator’.

724 2139 911 2216 Quae
959 2142 1299 2229 copulatio
1344 2140 1627 2207 liberior
1667 2165 1822 2207 cum
1866 2165 1919 2207 a
1938 2142 2383 2231 scriptoribus
2414 2142 2761 2208 Graecos
2740 2144 2881 2207 imi-

539 2245 850 2313 tantibus
903 2268 1058 2313 raro
1111 2255 1437 2335 usurpata
1491 2250 1608 2333 sit,
1674 2250 1917 2315 vocula
1962 2250 2277 2337 ‘semper'
2326 2271 2482 2314 cum
2526 2249 2879 2337 participio

539 2353 914 2439 praesentis
968 2354 1083 2419 vel
1136 2354 1477 2421 adiectivo
1541 2356 1905 2421 coniuncta
1959 2378 2281 2443 persaepe
2337 2355 2625 2422 offertur
2669 2379 2880 2441 neque

538 2459 966 2527 Kuttnerum
1011 2462 1318 2548 oportuit
1362 2461 1684 2546 iudicare,
1730 2462 2173 2548 scaligerum,
2204 2463 2664 2527 Passeratium
2695 2462 2881 2527 alios-

542 2588 673 2650 que
717 2567 1130 2654 interpretes
1177 2567 1280 2633 ‘de
1309 2568 1429 2633 illa
1473 2569 1961 2656 compositione
2007 2570 2407 2635 somniasse’.
2471 2566 2578 2635 Ne
2608 2569 2879 2634 Hertzb.

542 2662 821 2757 quidem
865 2674 1282 2763 improbavit
1327 2675 1605 2741 illorum
1647 2676 2003 2758 iudicium;
2051 2684 2282 2741 tamen
2327 2699 2423 2742 vs.
2470 2676 2507 2740 Ι
2557 2682 2658 2760 16,
2704 2683 2786 2741 47

765 2781 906 2849 ‘Sic
953 2804 1081 2870 ego
1126 2804 1309 2847 nunc
1357 2781 1669 2848 dominae
1714 2782 1907 2848 vitiis
1954 2791 2022 2848 et
2069 2804 2335 2869 semper
2380 2782 2671 2847 amantis

850 2888 1168 2981 Fletibus
1214 2895 1493 2955 aeterna
1539 2889 1818 2955 differor
1861 2888 2170 2956 invidia’.

538 3015 738 3058 voces
787 2997 1077 3082 ‘semper
1108 3034 1194 3044 ——-
1228 2993 1529 3061 differor’
1579 2995 1664 3061 ab
1712 3018 1790 3061 eo
1832 2996 2229 3061 coniunctas
2263 3018 2403 3061 esse
2435 2996 2725 3061 Mueller
2752 2996 2877 3061 iam

537 3101 822 3167 miratus
871 3108 993 3167 est.
1056 3102 1196 3167 Sed
1241 3109 1663 3189 quantopere
1708 3102 1813 3167 illi
1858 3103 2241 3169 structurae
2286 3109 2527 3190 poetae
2574 3101 2877 3185 faverint,

541 3230 624 3271 ex
699 3208 805 3273 his
885 3210 1208 3297 exemplis
1288 3232 1692 3296 cognoscere
1756 3209 2010 3275 licebit.
2122 3211 2245 3276 Ov.
2310 3210 2473 3274 Met.
2530 3209 2705 3274 VIII
2762 3217 2876 3274 295

539 3314 882 3411 ‘Bacaque
947 3338 1102 3380 cum
1165 3317 1368 3381 ramis
1424 3338 1689 3403 semper
1750 3315 2133 3382 frondentis
2199 3316 2463 3381 olivae’.
2556 3316 2696 3380 VH
2745 3323 2876 3381 702.

537 3422 648 3487 XI
700 3428 843 3487 147.
935 3422 1143 3509 Verg.
1191 3422 1311 3487 Ge.
1368 3422 1440 3487 H
1492 3429 1636 3487 119.
1728 3424 1898 3489 Aen.
1945 3423 2054 3487 III
2102 3430 2249 3487 496.
2340 3423 2505 3487 Hor.
2552 3422 2625 3486 H
2674 3428 2877 3505 8,15·

537 3529 685 3596 Iuv.
733 3528 835 3595 VI
885 3536 1030 3595 108.
1095 3530 1272 3595 XIV
1322 3536 1466 3596 118.
1559 3530 1935 3617 Priap.51,
1989 3537 2088 3595 16.

713 3636 1082 3703 Adiectivo
1111 3638 1520 3725 particulam
1539 3637 1835 3725 ‘semper’
1854 3636 2236 3702 iniunctam
2264 3612 2601 3701 videmus:
2634 3634 2672 3699 I
2690 3640 2873 3719 20,11

751 3744 1256 3832 ‘Nympharum
1300 3767 1566 3833 semper
1604 3743 1885 3831 cupidas
1917 3741 2209 3809 defende
2254 3741 2737 3830 13Ρ11133ἎΠΤ
2758 3750 2811 3825 5,
2843 3749 2875 3805 6

749 3851 1248 3936 ‘Concordique
1279 3858 1432 3916 toro
1449 3852 1739 3938 pessima
1770 3872 2034 3937 semper
2062 3849 2247 3915 avis’.
2289 3849 2410 3915 Ov.
2426 3848 2615 3915 Fast.
2628 3793 2876 3914 ΠΤ686.

535 3957 688 4021 Α111.
737 3958 846 4021 ΠΙ
895 3964 1102 4041 12,1.
1195 3956 1401 4043 Verg.
1448 3956 1559 4021 XI
1611 3962 1755 4021 732.
1850 3956 1970 4021 Ge.
2018 3956 2053 4019 I
2102 3962 2249 4020 284.

713 4064 1214 4129 Pleonasmus‘
1224 4085 1488 4150 semper
1517 4062 1760 4129 solere'
1794 4062 2149 4129 invenitur
2178 4084 2281 4149 ap.
2314 4063 2513 4149 Prop.
2546 4062 2620 4126 H
2654 4032 2751 4145 25,
2786 4067 2878 4127 31.

535 4170 644 4235 H]
691 4179 793 4255 25,
843 4178 899 4235 6.
991 4171 1192 4235 Mart.
1238 4170 1438 4252 V14,
1493 4175 1545 4234 1.
1638 4169 1863 4256 Priap.
1914 4176 2015 4251 12,
2067 4175 2166 4233 12.
2244 4169 2368 4235 OV.
2399 4169 2586 4233 Fast.
2620 4168 2874 4234 111498

538 4276 848 4362 ‘adsuevi
893 4278 1180 4364 semper’
1187 4317 1200 4343 ‚2
1267 4358 1274 4362 .

713 4384 954 4470 Neque
1019 4406 1182 4450 vero
1238 4383 1597 4471 Propertio
1660 4382 1927 4470 ignosci
1988 4389 2240 4471 posset,
2306 4382 2365 4447 si
2426 4382 2877 4469 pleonasmum
