3092 5117
1497 380 1935 437 ...44-

652 566 656 577 ’
713 548 824 612 Ex
868 549 939 612 P.
987 548 1089 613 IV
1122 556 1248 633 10,
1300 557 1377 615 77
1457 550 1613 615 ‘Est
1666 557 1899 614 tamen
1964 566 2048 614 ex
2109 549 2228 614 illo
2289 548 2487 614 nobis
2548 548 2889 615 imitabile

538 652 908 738 quiddam’.

713 759 786 845 b)
859 761 1170 849 Excepto
1233 761 1509 828 dolendi
1571 762 1782 827 verbo
1852 762 2213 849 scriptores
2277 762 2410 826 ‘ex’
2471 762 2885 850 particulam

537 886 692 931 cum
735 866 1014 931 nomine
1060 869 1398 954 personali
1427 890 1703 956 perraro
1738 869 2240 934 coniunxerunt
2270 890 2493 953 neque
2523 868 2658 933 alio
2688 868 2886 934 testi·

535 972 764 1038 monio
811 972 1210 1039 confirmare
1253 974 1424 1039 mihi
1469 975 1659 1059 licet,
1717 975 1902 1060 quod
1949 975 2205 1066 legitur
2259 997 2362 1062 ap.
2409 974 2517 1039 Pr.
2564 974 2636 1039 H
2690 982 2745 1059 1,
2798 982 2884 1041 50

1110 1082 1308 1146 ‘solet
1350 1082 1470 1147 illa
1514 1082 1699 1148 leves
1746 1083 2021 1169 culpare
2066 1082 2341 1169 puellas,

755 1186 852 1252 Et
895 1193 1114 1251 totam
1160 1210 1244 1252 ex
1288 1187 1555 1254 Helena
1600 1210 1738 1254 non
1784 1188 2031 1276 probat
2075 1189 2334 1254 Eiada'.

714 1295 776 1376 c)
838 1292 1164 1358 Formula
1211 1300 1321 1359 ‘ex
1366 1295 1575 1359 omni'
1626 1300 1759 1379 (me
1800 1295 2054 1383 premit
2106 1295 2237 1361 iste
2285 1294 2450 1360 deus
2496 1296 2605 1359 HI
2654 1301 2763 1379 21,
2814 1299 2884 1379 6)

534 1421 672 1463 non
734 1400 952 1485 magis
1015 1401 1294 1466 alterius
1357 1409 1598 1489 poetae
1668 1403 1815 1468 loco
1872 1401 2374 1489 comprobatur,
2440 1423 2643 1486 quam
2706 1400 2883 1466 illud

535 1504 769 1571 Ovidii
815 1509 917 1570 ‘ex
962 1508 1130 1572 toto’
1178 1508 1253 1572 in
1297 1509 1459 1573 Her.
1505 1507 1647 1574 XV
1698 1514 1839 1575 158.

711 1612 1029 1677 Elocutio
1061 1618 1163 1679 ‘ex
1191 1613 1326 1679 fflo’
1358 1623 1626 1703 tempus
1658 1615 1968 1680 indicans
2000 1623 2283 1703 apparet
2314 1638 2416 1703 ap.
2448 1618 2557 1680 Pr.
2576 1616 2651 1680 H
2672 1624 2774 1700 29,
2796 1624 2879 1681 42

535 1726 606 1783 et
649 1740 754 1806 ap.
802 1720 922 1785 Ov.
969 1721 1131 1785 Met.
1177 1722 1282 1786 HI
1331 1729 1498 1787 394.
1553 1722 1716 1787 Her.
1762 1722 1939 1787 XIV
1974 1728 2054 1787 85
2105 1729 2175 1787 et
2220 1744 2323 1809 ap.
2356 1722 2561 1809 Verg.
2593 1722 2741 1787 XII
2780 1730 2879 1787 32.

533 1824 726 1890 Alios
772 1826 954 1892 locos
1003 1828 1281 1914 collegit
1325 1828 1551 1893 Hand.
1598 1830 1671 1894 H
1720 1836 1865 1894 649.

715 1941 774 1996 4.
838 1934 1186 1999 Particula
1241 1936 1454 2021 ‘prae’
1521 1935 1868 2001 codicibus
1931 1936 2190 2000 tradita
2252 1958 2293 1999 a
2344 1936 2737 2002 Baehrente
2802 1959 2879 2001 ac

534 2038 844 2105 Vahleno
877 2038 1023 2124 (cfr.
1054 2041 1096 2106 l.
1120 2065 1171 2107 c.
1202 2065 1266 2130 p.
1291 2046 1444 2125 344)
1477 2064 1739 2108 summo
1768 2043 1917 2108 iure
1948 2044 2274 2108 restituta
2302 2050 2405 2108 est
2434 2066 2530 2108 vs,
2563 2042 2635 2107 H
2669 2050 2772 2127 28,
2798 2052 2879 2109 10

757 2149 954 2213 ‘Prae
1001 2170 1071 2212 66
1116 2146 1426 2213 formosis
1472 2148 1816 2215 invidiosa
1860 2149 2095 2215 deast'.

613 2332 680 2404 6.
755 2335 1285 2421 praepositiones
1329 2352 1473 2406 cum
1521 2338 1903 2407 accusativo
1949 2338 2018 2406 et
2062 2337 2344 2407 ablativo
2389 2338 2799 2407 coniunctae.

713 2473 770 2532 1.
833 2466 940 2531 De
986 2468 1324 2555 particula
1370 2469 1492 2532 ‘in’
1543 2468 2008 2534 accusativum
2054 2490 2282 2533 secum
2326 2468 2625 2533 habenti.

711 2575 774 2655 a)
835 2572 1161 2639 Motionis
1207 2573 1496 2639 verbum
1541 2597 1973 2663 suppressum
2019 2583 2146 2641 est:
2209 2576 2317 2641 IH
2365 2581 2422 2658 9,
2472 2582 2555 2639 60
2614 2579 2680 2639 ‘a
2723 2582 2877 2659 test,

757 2678 957 2756 Quod
1000 2678 1184 2745 ferar
1227 2680 1302 2744 in
1345 2688 1574 2767 partes
1620 2681 1765 2769 ipse
1810 2680 2019 2746 fuisse
2065 2681 2261 2747 tuas’.
2496 2716 2501 2723 ·

531 2785 652 2850 ubi
723 2808 762 2849 a
813 2785 1120 2851 Faltinio
1187 2786 1350 2869 (Zur
1403 2787 1801 2851 Pr.-Kritik
1869 2793 2039 2852 1876
2104 2810 2166 2874 p.
2222 2787 2329 2873 12)
2394 2787 2657 2851 ‘ruisse’
2723 2808 2876 2875 pro-

529 2892 829 2980 positum
883 2916 1026 2958 6666
1081 2892 1317 2979 mirari
1369 2893 1548 2958 licet.
1644 2894 1818 2958 Nam
1884 2893 2118 2959 eadem
2184 2901 2527 2959 structura
2592 2892 2877 2959 offertur

529 3023 593 3064 v.
626 2999 729 3065 IV
777 3008 832 3083 5,
881 3007 964 3065 48
1015 3000 1100 3064 ‘si
1145 3000 1372 3087 pulset
1414 3000 1660 3083 inaniS,

753 3105 1015 3171 Surdus
1061 3107 1136 3170 in
1181 3105 1547 3172 obductam
1594 3106 1885 3171 somniet
1929 3129 2143 3192 usque
2188 3129 2405 3172 seram
2416 3107 2447 3171 '.

530 3213 573 3278 i.
607 3235 660 3278 6.
707 3213 1078 3277 inclinatus
1123 3212 1198 3277 in
1242 3235 1461 3278 seram
1505 3213 1809 3279 somniet.
1889 3212 2028 3278 Ofr.
2076 3214 2220 3279 Ter.
2269 3214 2477 3279 Haut.
2524 3213 2597 3277 H
2644 3222 2701 3297 3,
2750 3220 2867 3279 101

531 3319 641 3383 ‘In
687 3341 920 3384 aurem
962 3320 1295 3386 utramvis
1328 3320 1666 3385 dormias’.
1731 3320 1878 3385 Iuv.
1911 3320 2171 3387 111280
2222 3319 2451 3386 ‘cubat
2481 3321 2557 3385 in
2586 3318 2870 3385 faciem’.

531 3427 652 3492 Ov.
699 3427 860 3491 Her.
908 3426 1046 3491 ΧΠ
1095 3434 1176 3491 63
1234 3426 1334 3491 ‘in
1389 3448 1506 3491 ora
1554 3427 1889 3494 iacentem
1934 3426 2253 3493 Invenit’.
2344 3428 2530 3492 Fast.
2577 3427 2674 3492 IV
2724 3435 2867 3491 564.

529 3532 679 3598 Art.
727 3556 851 3598 am.
898 3532 992 3599 III
1043 3539 1186 3598 788.
1269 3532 1430 3597 Alia
1475 3534 1783 3621 exempla
1834 3534 1945 3599 vd.
1994 3556 2097 3622 ap.
2143 3535 2465 3620 Draeger.
2553 3534 2583 3599 I
2628 3557 2691 3621 p.
2728 3541 2869 3600 660.

707 3638 780 3723 b)
833 3640 1144 3705 Mutatae
1189 3640 1291 3705 rei
1335 3638 1557 3705 forma
1588 3640 2029 3727 conspicitur:
2076 3639 2172 3705 III
2212 3648 2312 3724 22,
2349 3648 2429 3706 14
2480 3640 2585 3705 ‘In
2629 3639 2871 3706 faciem

528 3768 770 3834 prorae
814 3746 1015 3834 pinus
1062 3746 1306 3811 adacta
1344 3747 1607 3812 novae’.
1671 3746 1770 3812 IV
1803 3754 1859 3830 6,
1894 3754 1974 3811 25
2027 3746 2229 3812 ‘acies
2275 3748 2582 3833 geminos
2613 3748 2871 3813 Nereus

528 3852 802 3918 lunarat
845 3852 922 3917 in
965 3853 1202 3917 arcus’.
1270 3854 1390 3919 Ov.
1422 3853 1585 3917 Met.
1616 3853 1721 3917 XI
1766 3860 1910 3918 229.
1976 3853 2136 3919 Her.
2168 3854 2232 3919 II
2269 3860 2411 3919 131.
2467 3852 2674 3940 Verg.
2704 3854 2866 3920 Aen.

527 3958 622 4023 III
653 3966 801 4023 533.
868 3958 1029 4025 Geo.
1061 3958 1124 4023 H
1159 3966 1304 4024 448.
1369 3960 1569 4046 Prop.
1602 3958 1664 4024 II
1708 3966 1809 4043 22,
1854 3966 1932 4024 21
1986 3960 2220 4025 ‘exiles
2266 3960 2506 4026 videor
2550 3967 2867 4026 tenuatus

528 4066 604 4130 in
649 4066 880 4130 artus’.
958 4067 1079 4132 Ov.
1118 4067 1282 4130 Met.
1328 4066 1468 4131 XV
1501 4074 1648 4132 551.
1725 4066 1831 4131 De
1877 4088 1973 4131 ve.
2021 4066 2120 4131 IV
2157 4073 2255 4151 11,
2304 4073 2385 4131 82
2434 4066 2721 4135 Hertzb.
2765 4066 2866 4131 fu·

529 4172 670 4237 sius
715 4173 1044 4259 exposuit.
1137 4174 1335 4260 Prop.
1382 4173 1479 4237 IV
1528 4181 1584 4256 6,
1635 4180 1717 4239 30

753 4278 1067 4345 ‘Adstitit
1111 4278 1412 4365 Augusti
1455 4280 1745 4367 puppim
1790 4302 1993 4367 super
2038 4288 2109 4345 et
2155 4302 2334 4345 nova
2378 4279 2649 4345 flamma

750 4385 966 4450 Luxit
1010 4385 1086 4449 in
1132 4384 1476 4471 obliquam
1519 4392 1631 4450 ter
1674 4386 1945 4451 sinuata
1986 4384 2248 4451 facem’.
