<?xml version="1.0" encoding="UTF-8"?>
<!DOCTYPE html PUBLIC "-//W3C//DTD XHTML 1.0 Transitional//EN"
    "http://www.w3.org/TR/xhtml1/DTD/xhtml1-transitional.dtd">
<html xmlns="http://www.w3.org/1999/xhtml" xml:lang="en" lang="en">
 <head>
  <title>
</title>
<meta http-equiv="Content-Type" content="text/html;charset=utf-8" />
  <meta name='ocr-system' content='tesseract 3.04.00' />
  <meta name='ocr-capabilities' content='ocr_page ocr_carea ocr_par ocr_line ocrx_word'/>
</head>
<body>
  <div class='ocr_page' id='page_1' title='image "./desermoneproper02spangoog_0026.png"; bbox 0 0 3092 5117; ppageno 0'>
   <div class='ocr_carea' id='block_1_1' title="bbox 475 557 2827 4490">
    <p class='ocr_par' dir='ltr' id='par_1_1' title="bbox 477 557 2823 753">
     <span class='ocr_line' id='line_1_1' title="bbox 481 557 2823 648; baseline -0 -24"><span class='ocrx_word' id='word_1_1' title='bbox 481 624 488 635; x_wconf 72' lang='grc'><strong>,</strong></span> <span class='ocrx_word' id='word_1_2' title='bbox 657 565 716 626; x_wconf 89' lang='grc'>8.</span> <span class='ocrx_word' id='word_1_3' title='bbox 779 558 1106 648; x_wconf 85' lang='lat' dir='ltr'>Apertius</span> <span class='ocrx_word' id='word_1_4' title='bbox 1153 582 1316 627; x_wconf 87' lang='lat' dir='ltr'>vero</span> <span class='ocrx_word' id='word_1_5' title='bbox 1361 561 1789 627; x_wconf 78' lang='lat' dir='ltr'>concessivae</span> <span class='ocrx_word' id='word_1_6' title='bbox 1844 560 2111 627; x_wconf 88' lang='lat' dir='ltr'>notioni</span> <span class='ocrx_word' id='word_1_7' title='bbox 2157 558 2494 647; x_wconf 86' lang='lat' dir='ltr'>particula</span> <span class='ocrx_word' id='word_1_8' title='bbox 2538 557 2823 625; x_wconf 86' lang='lat' dir='ltr'>‘tamen&#39;</span> 
     </span>
     <span class='ocr_line' id='line_1_2' title="bbox 477 665 2265 753; baseline 0.001 -22"><span class='ocrx_word' id='word_1_9' title='bbox 477 665 866 753; x_wconf 84' lang='lat' dir='ltr'>respondet:</span> <span class='ocrx_word' id='word_1_10' title='bbox 931 665 1046 733; x_wconf 84' lang='lat' dir='ltr'>Vs.</span> <span class='ocrx_word' id='word_1_11' title='bbox 1091 666 1200 731; x_wconf 88' lang='grc' dir='ltr'>ΠΙ</span> <span class='ocrx_word' id='word_1_12' title='bbox 1247 671 1348 750; x_wconf 84' lang='grc'>21,</span> <span class='ocrx_word' id='word_1_13' title='bbox 1398 674 1431 731; x_wconf 90' lang='lat'><strong>7</strong></span> <span class='ocrx_word' id='word_1_14' title='bbox 1519 710 1540 733; x_wconf 81' lang='grc'>-,</span> <span class='ocrx_word' id='word_1_15' title='bbox 2260 726 2265 733; x_wconf 91' lang='grc'><strong>.</strong></span> 
     </span>
    </p>

    <p class='ocr_par' dir='ltr' id='par_1_2' title="bbox 477 770 2827 1395">
     <span class='ocr_line' id='line_1_3' title="bbox 701 770 2715 861; baseline 0 -25"><span class='ocrx_word' id='word_1_16' title='bbox 701 772 858 837; x_wconf 76' lang='lat' dir='ltr'>‘Vix</span> <span class='ocrx_word' id='word_1_17' title='bbox 902 778 1134 837; x_wconf 84' lang='lat' dir='ltr'>tamen</span> <span class='ocrx_word' id='word_1_18' title='bbox 1177 780 1298 838; x_wconf 91' lang='lat' dir='ltr'>aut</span> <span class='ocrx_word' id='word_1_19' title='bbox 1339 774 1550 839; x_wconf 87' lang='lat' dir='ltr'>semel</span> <span class='ocrx_word' id='word_1_20' title='bbox 1594 773 1918 857; x_wconf 86' lang='lat' dir='ltr'>admittit,</span> <span class='ocrx_word' id='word_1_21' title='bbox 1968 796 2121 839; x_wconf 90' lang='grc'><strong>011111</strong></span> <span class='ocrx_word' id='word_1_22' title='bbox 2166 795 2365 861; x_wconf 85' lang='lat' dir='ltr'>saepe</span> <span class='ocrx_word' id='word_1_23' title='bbox 2408 770 2715 857; x_wconf 87' lang='lat' dir='ltr'>negarit’.</span> 
     </span>
     <span class='ocr_line' id='line_1_4' title="bbox 477 876 2825 965; baseline -0 -22"><span class='ocrx_word' id='word_1_24' title='bbox 477 876 600 943; x_wconf 90' lang='lat' dir='ltr'>ubi</span> <span class='ocrx_word' id='word_1_25' title='bbox 659 878 992 961; x_wconf 87' lang='lat' dir='ltr'>Kuttner‚</span> <span class='ocrx_word' id='word_1_26' title='bbox 1060 901 1214 944; x_wconf 89' lang='lat' dir='ltr'>cum</span> <span class='ocrx_word' id='word_1_27' title='bbox 1274 878 1362 943; x_wconf 86' lang='lat' dir='ltr'>ad</span> <span class='ocrx_word' id='word_1_28' title='bbox 1423 879 1972 946; x_wconf 90' lang='lat' dir='ltr'>coniunctionem</span> <span class='ocrx_word' id='word_1_29' title='bbox 2026 878 2305 945; x_wconf 88' lang='lat' dir='ltr'>‘tamen&#39;</span> <span class='ocrx_word' id='word_1_30' title='bbox 2367 879 2825 965; x_wconf 70' lang='lat' dir='ltr'>interpretum-&#39;-</span> 
     </span>
     <span class='ocr_line' id='line_1_5' title="bbox 478 983 2822 1073; baseline -0.001 -22"><span class='ocrx_word' id='word_1_31' title='bbox 478 985 634 1051; x_wconf 79' lang='lat' dir='ltr'>dam</span> <span class='ocrx_word' id='word_1_32' title='bbox 677 1007 774 1051; x_wconf 87' lang='lat' dir='ltr'>vs.</span> <span class='ocrx_word' id='word_1_33' title='bbox 825 994 862 1051; x_wconf 87' lang='lat'><strong>3</strong></span> <span class='ocrx_word' id='word_1_34' title='bbox 910 992 1306 1051; x_wconf 84' lang='lat' dir='ltr'>revocatum</span> <span class='ocrx_word' id='word_1_35' title='bbox 1349 986 1577 1069; x_wconf 83' lang='lat' dir='ltr'>vellet,</span> <span class='ocrx_word' id='word_1_36' title='bbox 1622 1009 1761 1052; x_wconf 90' lang='lat' dir='ltr'>non</span> <span class='ocrx_word' id='word_1_37' title='bbox 1808 985 2159 1073; x_wconf 87' lang='lat' dir='ltr'>cogitavit,</span> <span class='ocrx_word' id='word_1_38' title='bbox 2205 986 2282 1050; x_wconf 90' lang='lat' dir='ltr'>in</span> <span class='ocrx_word' id='word_1_39' title='bbox 2325 985 2569 1051; x_wconf 87' lang='lat' dir='ltr'>vocula</span> <span class='ocrx_word' id='word_1_40' title='bbox 2613 983 2822 1049; x_wconf 89' lang='lat' dir='ltr'>‘cum’</span> 
     </span>
     <span class='ocr_line' id='line_1_6' title="bbox 478 1090 2827 1181; baseline 0 -25"><span class='ocrx_word' id='word_1_41' title='bbox 478 1092 935 1160; x_wconf 87' lang='lat' dir='ltr'>concessivam</span> <span class='ocrx_word' id='word_1_42' title='bbox 1004 1092 1146 1159; x_wconf 82' lang='lat' dir='ltr'>vim</span> <span class='ocrx_word' id='word_1_43' title='bbox 1219 1092 1512 1181; x_wconf 87' lang='lat' dir='ltr'>positam</span> <span class='ocrx_word' id='word_1_44' title='bbox 1586 1116 1743 1159; x_wconf 86' lang='lat' dir='ltr'>esse.</span> <span class='ocrx_word' id='word_1_45' title='bbox 1848 1092 2119 1159; x_wconf 86' lang='lat' dir='ltr'>Codicis</span> <span class='ocrx_word' id='word_1_46' title='bbox 2187 1092 2397 1179; x_wconf 85' lang='lat' dir='ltr'>Neap.</span> <span class='ocrx_word' id='word_1_47' title='bbox 2459 1090 2827 1159; x_wconf 87' lang='lat' dir='ltr'>lectionem</span> 
     </span>
     <span class='ocr_line' id='line_1_7' title="bbox 481 1198 2825 1287; baseline 0 -24"><span class='ocrx_word' id='word_1_48' title='bbox 481 1200 801 1286; x_wconf 88' lang='lat' dir='ltr'>‘negarit’</span> <span class='ocrx_word' id='word_1_49' title='bbox 860 1222 1090 1266; x_wconf 90' lang='lat' dir='ltr'>omnes</span> <span class='ocrx_word' id='word_1_50' title='bbox 1145 1207 1428 1287; x_wconf 87' lang='lat' dir='ltr'>excepto</span> <span class='ocrx_word' id='word_1_51' title='bbox 1471 1200 1802 1266; x_wconf 88' lang='lat' dir='ltr'>Muellero</span> <span class='ocrx_word' id='word_1_52' title='bbox 1857 1200 2271 1267; x_wconf 69' lang='lat' dir='ltr'>recentiores</span> <span class='ocrx_word' id='word_1_53' title='bbox 2324 1198 2579 1265; x_wconf 76' lang='lat' dir='ltr'>iniuria</span> <span class='ocrx_word' id='word_1_54' title='bbox 2622 1220 2825 1286; x_wconf 88' lang='lat' dir='ltr'>repu-</span> 
     </span>
     <span class='ocr_line' id='line_1_8' title="bbox 481 1304 2603 1395; baseline 0.001 -25"><span class='ocrx_word' id='word_1_55' title='bbox 481 1304 697 1371; x_wconf 83' lang='lat' dir='ltr'>diasse</span> <span class='ocrx_word' id='word_1_56' title='bbox 743 1305 943 1372; x_wconf 83' lang='lat' dir='ltr'>docet</span> <span class='ocrx_word' id='word_1_57' title='bbox 988 1305 1408 1371; x_wconf 85' lang='lat' dir='ltr'>simillimum</span> <span class='ocrx_word' id='word_1_58' title='bbox 1454 1308 1857 1395; x_wconf 78' lang='lat' dir='ltr'>exemplum,</span> <span class='ocrx_word' id='word_1_59' title='bbox 1904 1305 2091 1391; x_wconf 84' lang='lat' dir='ltr'>quod</span> <span class='ocrx_word' id='word_1_60' title='bbox 2134 1306 2340 1371; x_wconf 84' lang='lat' dir='ltr'>attuli</span> <span class='ocrx_word' id='word_1_61' title='bbox 2384 1328 2447 1393; x_wconf 90' lang='lat' dir='ltr'>p.</span> <span class='ocrx_word' id='word_1_62' title='bbox 2498 1312 2603 1373; x_wconf 82' lang='lat'><strong>55.-</strong></span> 
     </span>
    </p>

    <p class='ocr_par' dir='ltr' id='par_1_3' title="bbox 657 1412 2348 1498">
     <span class='ocr_line' id='line_1_9' title="bbox 657 1412 2348 1498; baseline -0.001 -19"><span class='ocrx_word' id='word_1_63' title='bbox 657 1412 897 1498; x_wconf 87' lang='lat' dir='ltr'>Neque</span> <span class='ocrx_word' id='word_1_64' title='bbox 941 1414 1170 1479; x_wconf 88' lang='lat' dir='ltr'>minus</span> <span class='ocrx_word' id='word_1_65' title='bbox 1212 1413 1522 1479; x_wconf 87' lang='lat' dir='ltr'>Kuttner</span> <span class='ocrx_word' id='word_1_66' title='bbox 1566 1414 1838 1498; x_wconf 87' lang='lat' dir='ltr'>erravit,</span> <span class='ocrx_word' id='word_1_67' title='bbox 1885 1436 2039 1479; x_wconf 91' lang='lat' dir='ltr'>cum</span> <span class='ocrx_word' id='word_1_68' title='bbox 2084 1414 2157 1479; x_wconf 88' lang='grc' dir='ltr'>Π</span> <span class='ocrx_word' id='word_1_69' title='bbox 2206 1421 2262 1497; x_wconf 89' lang='grc'>5,</span> <span class='ocrx_word' id='word_1_70' title='bbox 2313 1421 2348 1478; x_wconf 87' lang='grc'>5</span> 
     </span>
    </p>

    <p class='ocr_par' dir='ltr' id='par_1_4' title="bbox 701 1519 2215 1608">
     <span class='ocr_line' id='line_1_10' title="bbox 701 1519 2215 1608; baseline 0.002 -23"><span class='ocrx_word' id='word_1_71' title='bbox 701 1520 822 1585; x_wconf 86' lang='lat' dir='ltr'>‘Et</span> <span class='ocrx_word' id='word_1_72' title='bbox 866 1519 1063 1586; x_wconf 86' lang='lat' dir='ltr'>nobis</span> <span class='ocrx_word' id='word_1_73' title='bbox 1109 1520 1356 1606; x_wconf 83' lang='lat' dir='ltr'>aliquo,</span> <span class='ocrx_word' id='word_1_74' title='bbox 1401 1520 1723 1608; x_wconf 81' lang='lat' dir='ltr'>Cynthia,</span> <span class='ocrx_word' id='word_1_75' title='bbox 1770 1528 2019 1587; x_wconf 82' lang='lat' dir='ltr'>ventus</span> <span class='ocrx_word' id='word_1_76' title='bbox 2066 1520 2215 1588; x_wconf 87' lang='lat' dir='ltr'>erit.</span> 
     </span>
    </p>

    <p class='ocr_par' dir='ltr' id='par_1_5' title="bbox 480 1625 2370 1715">
     <span class='ocr_line' id='line_1_11' title="bbox 480 1625 2370 1715; baseline 0 -24"><span class='ocrx_word' id='word_1_77' title='bbox 480 1685 494 1715; x_wconf 40' lang='grc' dir='ltr'><strong>τ</strong></span> <span class='ocrx_word' id='word_1_78' title='bbox 611 1657 616 1661; x_wconf 94' lang='grc'><em>·</em></span> <span class='ocrx_word' id='word_1_79' title='bbox 697 1625 1062 1691; x_wconf 79' lang='lat' dir='ltr'><strong>Inveniam</strong></span> <span class='ocrx_word' id='word_1_80' title='bbox 1104 1633 1335 1693; x_wconf 88' lang='lat' dir='ltr'>tamen</span> <span class='ocrx_word' id='word_1_81' title='bbox 1380 1650 1417 1692; x_wconf 92' lang='lat' dir='ltr'>e</span> <span class='ocrx_word' id='word_1_82' title='bbox 1461 1628 1697 1693; x_wconf 90' lang='lat' dir='ltr'>multis</span> <span class='ocrx_word' id='word_1_83' title='bbox 1742 1626 2099 1693; x_wconf 80' lang='lat' dir='ltr'>fallacibus</span> <span class='ocrx_word' id='word_1_84' title='bbox 2144 1650 2370 1710; x_wconf 76' lang='lat' dir='ltr'>unam,</span> 
     </span>
    </p>

    <p class='ocr_par' dir='ltr' id='par_1_6' title="bbox 475 1732 2823 2760">
     <span class='ocr_line' id='line_1_12' title="bbox 703 1732 2815 1810; baseline 0 -13"><span class='ocrx_word' id='word_1_85' title='bbox 703 1732 890 1810; x_wconf 75' lang='lat' dir='ltr'>Quae</span> <span class='ocrx_word' id='word_1_86' title='bbox 934 1733 1086 1798; x_wconf 87' lang='lat' dir='ltr'>fieri</span> <span class='ocrx_word' id='word_1_87' title='bbox 1131 1740 1364 1799; x_wconf 87' lang='lat' dir='ltr'>nostro</span> <span class='ocrx_word' id='word_1_88' title='bbox 1413 1734 1709 1799; x_wconf 82' lang='lat' dir='ltr'>carmine</span> <span class='ocrx_word' id='word_1_89' title='bbox 1757 1740 1924 1799; x_wconf 92' lang='lat' dir='ltr'>nota</span> <span class='ocrx_word' id='word_1_90' title='bbox 1968 1734 2139 1800; x_wconf 89' lang='lat' dir='ltr'>velit</span> <span class='ocrx_word' id='word_1_91' title='bbox 2148 1734 2181 1797; x_wconf 86' lang='lat'>’.</span> <span class='ocrx_word' id='word_1_92' title='bbox 2806 1792 2815 1798; x_wconf 86' lang='lat'><strong>.</strong></span> 
     </span>
     <span class='ocr_line' id='line_1_13' title="bbox 481 1839 2822 1927; baseline 0 -22"><span class='ocrx_word' id='word_1_93' title='bbox 481 1839 851 1927; x_wconf 67' lang='lat' dir='ltr'>explicaret</span> <span class='ocrx_word' id='word_1_94' title='bbox 911 1843 1016 1904; x_wconf 91' lang='lat' dir='ltr'>‘tu</span> <span class='ocrx_word' id='word_1_95' title='bbox 1062 1839 1338 1925; x_wconf 85' lang='lat' dir='ltr'>quidem</span> <span class='ocrx_word' id='word_1_96' title='bbox 1383 1863 1490 1905; x_wconf 89' lang='grc'><strong>1110</strong></span> <span class='ocrx_word' id='word_1_97' title='bbox 1533 1839 1861 1924; x_wconf 70' lang='lat' dir='ltr'>fefellisti,</span> <span class='ocrx_word' id='word_1_98' title='bbox 1925 1840 2045 1905; x_wconf 86' lang='lat' dir='ltr'>sed</span> <span class='ocrx_word' id='word_1_99' title='bbox 2106 1848 2339 1905; x_wconf 84' lang='lat' dir='ltr'>tamen</span> <span class='ocrx_word' id='word_1_100' title='bbox 2383 1839 2584 1905; x_wconf 77' lang='lat' dir='ltr'>aliam</span> <span class='ocrx_word' id='word_1_101' title='bbox 2629 1839 2822 1905; x_wconf 88' lang='lat' dir='ltr'>inve-</span> 
     </span>
     <span class='ocr_line' id='line_1_14' title="bbox 476 1944 2823 2031; baseline -0 -20"><span class='ocrx_word' id='word_1_102' title='bbox 476 1945 666 2011; x_wconf 88' lang='lat' dir='ltr'>niam</span> <span class='ocrx_word' id='word_1_103' title='bbox 706 1945 1127 2013; x_wconf 86' lang='lat' dir='ltr'>fideliorem’.</span> <span class='ocrx_word' id='word_1_104' title='bbox 1191 1946 1367 2012; x_wconf 86' lang='lat' dir='ltr'>Nam</span> <span class='ocrx_word' id='word_1_105' title='bbox 1409 1968 1497 2011; x_wconf 87' lang='grc'>110</span> <span class='ocrx_word' id='word_1_106' title='bbox 1539 1946 1761 2011; x_wconf 89' lang='lat' dir='ltr'>multa</span> <span class='ocrx_word' id='word_1_107' title='bbox 1797 1946 2009 2012; x_wconf 89' lang='lat' dir='ltr'>verba</span> <span class='ocrx_word' id='word_1_108' title='bbox 2052 1944 2316 2029; x_wconf 80' lang='lat' dir='ltr'>faciam,</span> <span class='ocrx_word' id='word_1_109' title='bbox 2362 1967 2591 2011; x_wconf 90' lang='lat' dir='ltr'>nonne</span> <span class='ocrx_word' id='word_1_110' title='bbox 2621 1966 2823 2031; x_wconf 88' lang='lat' dir='ltr'>voces</span> 
     </span>
     <span class='ocr_line' id='line_1_15' title="bbox 478 2051 2823 2140; baseline -0.001 -22"><span class='ocrx_word' id='word_1_111' title='bbox 478 2056 543 2125; x_wconf 67' lang='lat' dir='ltr'>{e</span> <span class='ocrx_word' id='word_1_112' title='bbox 562 2114 567 2118; x_wconf 90' lang='lat'>.</span> <span class='ocrx_word' id='word_1_113' title='bbox 587 2053 822 2119; x_wconf 90' lang='lat' dir='ltr'>multis</span> <span class='ocrx_word' id='word_1_114' title='bbox 875 2051 1258 2118; x_wconf 86' lang='lat' dir='ltr'>fallacibus&#39;</span> <span class='ocrx_word' id='word_1_115' title='bbox 1304 2054 1557 2119; x_wconf 88' lang='lat' dir='ltr'>maiore</span> <span class='ocrx_word' id='word_1_116' title='bbox 1604 2076 1773 2119; x_wconf 90' lang='lat' dir='ltr'>sono</span> <span class='ocrx_word' id='word_1_117' title='bbox 1826 2053 2315 2140; x_wconf 84' lang='lat' dir='ltr'>pronuntiatae</span> <span class='ocrx_word' id='word_1_118' title='bbox 2376 2051 2577 2119; x_wconf 83' lang='lat' dir='ltr'>sunt‘?</span> <span class='ocrx_word' id='word_1_119' title='bbox 2665 2051 2823 2117; x_wconf 88' lang='lat' dir='ltr'>Non</span> 
     </span>
     <span class='ocr_line' id='line_1_16' title="bbox 478 2158 2822 2227; baseline -0 -3"><span class='ocrx_word' id='word_1_120' title='bbox 478 2160 977 2225; x_wconf 85' lang='lat' dir='ltr'>sententiarum</span> <span class='ocrx_word' id='word_1_121' title='bbox 1009 2160 1394 2225; x_wconf 84' lang='lat' dir='ltr'>consecutio</span> <span class='ocrx_word' id='word_1_122' title='bbox 1427 2168 1498 2227; x_wconf 88' lang='lat' dir='ltr'>et</span> <span class='ocrx_word' id='word_1_123' title='bbox 1527 2167 1873 2226; x_wconf 83' lang='lat' dir='ltr'>structura</span> <span class='ocrx_word' id='word_1_124' title='bbox 1901 2160 2069 2225; x_wconf 91' lang='lat' dir='ltr'>haec</span> <span class='ocrx_word' id='word_1_125' title='bbox 2109 2160 2273 2226; x_wconf 76' lang='lat' dir='ltr'>est?:</span> <span class='ocrx_word' id='word_1_126' title='bbox 2338 2158 2529 2225; x_wconf 87' lang='lat' dir='ltr'>Haec</span> <span class='ocrx_word' id='word_1_127' title='bbox 2558 2158 2822 2225; x_wconf 79' lang='lat' dir='ltr'>mereo?</span> 
     </span>
     <span class='ocr_line' id='line_1_17' title="bbox 479 2265 2822 2353; baseline -0.002 -20"><span class='ocrx_word' id='word_1_128' title='bbox 479 2266 676 2333; x_wconf 87' lang='lat' dir='ltr'>dabis</span> <span class='ocrx_word' id='word_1_129' title='bbox 717 2266 890 2331; x_wconf 87' lang='lat' dir='ltr'>mihi</span> <span class='ocrx_word' id='word_1_130' title='bbox 933 2289 1204 2353; x_wconf 76' lang='lat' dir='ltr'>poenas,</span> <span class='ocrx_word' id='word_1_131' title='bbox 1293 2267 1391 2331; x_wconf 85' lang='lat' dir='ltr'>Et</span> <span class='ocrx_word' id='word_1_132' title='bbox 1435 2267 1633 2332; x_wconf 89' lang='lat' dir='ltr'>nobis</span> <span class='ocrx_word' id='word_1_133' title='bbox 1680 2268 1909 2352; x_wconf 87' lang='lat' dir='ltr'>aliquo</span> <span class='ocrx_word' id='word_1_134' title='bbox 1953 2274 2205 2333; x_wconf 90' lang='lat' dir='ltr'>ventus</span> <span class='ocrx_word' id='word_1_135' title='bbox 2252 2266 2401 2331; x_wconf 89' lang='lat' dir='ltr'>erit.</span> <span class='ocrx_word' id='word_1_136' title='bbox 2464 2265 2822 2333; x_wconf 84' lang='lat' dir='ltr'>Inveniam</span> 
     </span>
     <span class='ocr_line' id='line_1_18' title="bbox 478 2370 2820 2458; baseline 0.001 -21"><span class='ocrx_word' id='word_1_137' title='bbox 478 2396 517 2437; x_wconf 90' lang='lat' dir='ltr'>e</span> <span class='ocrx_word' id='word_1_138' title='bbox 578 2373 813 2438; x_wconf 89' lang='lat' dir='ltr'>multis</span> <span class='ocrx_word' id='word_1_139' title='bbox 877 2370 1234 2437; x_wconf 82' lang='lat' dir='ltr'>fallacibus</span> <span class='ocrx_word' id='word_1_140' title='bbox 1306 2373 1349 2436; x_wconf 88' lang='lat' dir='ltr'>i.</span> <span class='ocrx_word' id='word_1_141' title='bbox 1405 2394 1456 2440; x_wconf 91' lang='lat' dir='ltr'>e.</span> <span class='ocrx_word' id='word_1_142' title='bbox 1510 2395 1927 2458; x_wconf 86' lang='lat' dir='ltr'>quamquam</span> <span class='ocrx_word' id='word_1_143' title='bbox 1988 2373 2245 2439; x_wconf 88' lang='lat' dir='ltr'>multae</span> <span class='ocrx_word' id='word_1_144' title='bbox 2306 2379 2467 2438; x_wconf 88' lang='lat' dir='ltr'>sunt</span> <span class='ocrx_word' id='word_1_145' title='bbox 2529 2371 2820 2455; x_wconf 77' lang='lat' dir='ltr'>fallaces,</span> 
     </span>
     <span class='ocr_line' id='line_1_19' title="bbox 476 2478 2819 2568; baseline 0 -24"><span class='ocrx_word' id='word_1_146' title='bbox 476 2487 708 2544; x_wconf 87' lang='lat' dir='ltr'>tamen</span> <span class='ocrx_word' id='word_1_147' title='bbox 769 2502 994 2546; x_wconf 80' lang='lat' dir='ltr'>unam.</span> <span class='ocrx_word' id='word_1_148' title='bbox 1050 2518 1140 2527; x_wconf 91' lang='lat'>--</span> <span class='ocrx_word' id='word_1_149' title='bbox 1192 2479 1590 2567; x_wconf 87' lang='lat' dir='ltr'>Propertius</span> <span class='ocrx_word' id='word_1_150' title='bbox 1654 2480 1799 2567; x_wconf 88' lang='lat' dir='ltr'>ipse</span> <span class='ocrx_word' id='word_1_151' title='bbox 1862 2478 2045 2545; x_wconf 89' lang='lat' dir='ltr'>hunc</span> <span class='ocrx_word' id='word_1_152' title='bbox 2083 2480 2483 2568; x_wconf 82' lang='lat' dir='ltr'>particulae</span> <span class='ocrx_word' id='word_1_153' title='bbox 2537 2478 2819 2545; x_wconf 83' lang='lat' dir='ltr'>‘tamen&#39;</span> 
     </span>
     <span class='ocr_line' id='line_1_20' title="bbox 475 2586 1573 2670; baseline 0 -19"><span class='ocrx_word' id='word_1_154' title='bbox 475 2608 675 2651; x_wconf 89' lang='lat' dir='ltr'>usum</span> <span class='ocrx_word' id='word_1_155' title='bbox 721 2592 993 2651; x_wconf 87' lang='lat' dir='ltr'>secutus</span> <span class='ocrx_word' id='word_1_156' title='bbox 1038 2592 1143 2651; x_wconf 86' lang='lat' dir='ltr'>est</span> <span class='ocrx_word' id='word_1_157' title='bbox 1181 2586 1291 2650; x_wconf 90' lang='grc' dir='ltr'>ΙΠ</span> <span class='ocrx_word' id='word_1_158' title='bbox 1341 2592 1440 2670; x_wconf 85' lang='grc'>25,</span> <span class='ocrx_word' id='word_1_159' title='bbox 1491 2592 1573 2651; x_wconf 90' lang='grc'>10</span> 
     </span>
     <span class='ocr_line' id='line_1_21' title="bbox 486 2691 2275 2760; baseline -0.001 -1"><span class='ocrx_word' id='word_1_160' title='bbox 486 2721 496 2729; x_wconf 92' lang='grc'><em>·</em></span> <span class='ocrx_word' id='word_1_161' title='bbox 697 2693 872 2759; x_wconf 81' lang='lat' dir='ltr'>‘Nec</span> <span class='ocrx_word' id='word_1_162' title='bbox 917 2700 1152 2760; x_wconf 89' lang='lat' dir='ltr'>tamen</span> <span class='ocrx_word' id='word_1_163' title='bbox 1195 2693 1373 2758; x_wconf 84' lang='lat' dir='ltr'>irata</span> <span class='ocrx_word' id='word_1_164' title='bbox 1417 2693 1623 2758; x_wconf 85' lang='lat' dir='ltr'>ianua</span> <span class='ocrx_word' id='word_1_165' title='bbox 1665 2691 1887 2758; x_wconf 88' lang='lat' dir='ltr'>fracta</span> <span class='ocrx_word' id='word_1_166' title='bbox 1929 2694 2182 2758; x_wconf 85' lang='lat' dir='ltr'>manu’.</span> <span class='ocrx_word' id='word_1_167' title='bbox 2270 2742 2275 2745; x_wconf 72' lang='lat'>·</span> 
     </span>
    </p>

    <p class='ocr_par' dir='ltr' id='par_1_7' title="bbox 477 2797 2823 3526">
     <span class='ocr_line' id='line_1_22' title="bbox 477 2797 2821 2885; baseline 0 -21"><span class='ocrx_word' id='word_1_168' title='bbox 477 2800 522 2864; x_wconf 84' lang='lat' dir='ltr'>i.</span> <span class='ocrx_word' id='word_1_169' title='bbox 555 2822 610 2867; x_wconf 95' lang='grc'>0.</span> <span class='ocrx_word' id='word_1_170' title='bbox 655 2800 752 2865; x_wconf 85' lang='lat' dir='ltr'>Et</span> <span class='ocrx_word' id='word_1_171' title='bbox 795 2800 1002 2864; x_wconf 87' lang='lat' dir='ltr'>ianua</span> <span class='ocrx_word' id='word_1_172' title='bbox 1046 2806 1279 2864; x_wconf 89' lang='lat' dir='ltr'>tamen</span> <span class='ocrx_word' id='word_1_173' title='bbox 1321 2821 1462 2864; x_wconf 90' lang='lat' dir='ltr'>non</span> <span class='ocrx_word' id='word_1_174' title='bbox 1503 2797 1727 2868; x_wconf 85' lang='lat' dir='ltr'>fracta</span> <span class='ocrx_word' id='word_1_175' title='bbox 1772 2822 2004 2883; x_wconf 84' lang='lat' dir='ltr'>manu,</span> <span class='ocrx_word' id='word_1_176' title='bbox 2054 2800 2367 2884; x_wconf 84' lang='lat' dir='ltr'>quamvis</span> <span class='ocrx_word' id='word_1_177' title='bbox 2410 2798 2587 2865; x_wconf 82' lang='lat' dir='ltr'>irata</span> <span class='ocrx_word' id='word_1_178' title='bbox 2631 2806 2821 2885; x_wconf 79' lang='lat' dir='ltr'>esset.</span> 
     </span>
     <span class='ocr_line' id='line_1_23' title="bbox 656 2904 2823 2993; baseline 0.001 -22"><span class='ocrx_word' id='word_1_179' title='bbox 656 2906 771 2971; x_wconf 83' lang='lat' dir='ltr'>Ad</span> <span class='ocrx_word' id='word_1_180' title='bbox 835 2905 1373 2992; x_wconf 83' lang='lat' dir='ltr'>intellegendam</span> <span class='ocrx_word' id='word_1_181' title='bbox 1433 2906 1839 2993; x_wconf 85' lang='lat' dir='ltr'>particulam</span> <span class='ocrx_word' id='word_1_182' title='bbox 1902 2929 1999 2972; x_wconf 89' lang='grc' dir='ltr'>νε.</span> <span class='ocrx_word' id='word_1_183' title='bbox 2042 2906 2154 2971; x_wconf 91' lang='grc' dir='ltr'>ΙΠ</span> <span class='ocrx_word' id='word_1_184' title='bbox 2212 2912 2243 2972; x_wconf 93' lang='grc'>1</span> <span class='ocrx_word' id='word_1_185' title='bbox 2258 2913 2321 2989; x_wconf 92' lang='grc'>1,</span> <span class='ocrx_word' id='word_1_186' title='bbox 2370 2912 2449 2971; x_wconf 84' lang='grc'>51</span> <span class='ocrx_word' id='word_1_187' title='bbox 2520 2904 2823 2993; x_wconf 73' lang='lat' dir='ltr'>‘Fugisti</span> 
     </span>
     <span class='ocr_line' id='line_1_24' title="bbox 478 3010 2821 3100; baseline 0 -22"><span class='ocrx_word' id='word_1_188' title='bbox 478 3019 711 3078; x_wconf 87' lang='lat' dir='ltr'>tamen</span> <span class='ocrx_word' id='word_1_189' title='bbox 759 3067 772 3080; x_wconf 93' lang='lat'>.</span> <span class='ocrx_word' id='word_1_190' title='bbox 805 3014 836 3077; x_wconf 91' lang='lat'>.’</span> <span class='ocrx_word' id='word_1_191' title='bbox 914 3036 1010 3078; x_wconf 88' lang='grc' dir='ltr'>νε.</span> <span class='ocrx_word' id='word_1_192' title='bbox 1059 3018 1140 3078; x_wconf 85' lang='grc'>41</span> <span class='ocrx_word' id='word_1_193' title='bbox 1188 3010 1397 3077; x_wconf 78' lang='lat' dir='ltr'>-‘Ausa</span> <span class='ocrx_word' id='word_1_194' title='bbox 1440 3012 1595 3078; x_wconf 89' lang='lat' dir='ltr'>Iovi</span> <span class='ocrx_word' id='word_1_195' title='bbox 1640 3065 1653 3080; x_wconf 88' lang='lat'>.</span> <span class='ocrx_word' id='word_1_196' title='bbox 1687 3064 1702 3079; x_wconf 92' lang='lat'><strong>.</strong></span> <span class='ocrx_word' id='word_1_197' title='bbox 1750 3035 2089 3100; x_wconf 88' lang='lat' dir='ltr'>opponere</span> <span class='ocrx_word' id='word_1_198' title='bbox 2132 3010 2455 3077; x_wconf 89' lang='lat' dir='ltr'>Anubim’</span> <span class='ocrx_word' id='word_1_199' title='bbox 2503 3012 2821 3081; x_wconf 49' lang='lat' dir='ltr'>adhibens</span> 
     </span>
     <span class='ocr_line' id='line_1_25' title="bbox 479 3119 1828 3204; baseline 0 -19"><span class='ocrx_word' id='word_1_200' title='bbox 479 3127 596 3185; x_wconf 86' lang='lat' dir='ltr'>tur</span> <span class='ocrx_word' id='word_1_201' title='bbox 640 3142 910 3185; x_wconf 89' lang='lat' dir='ltr'>necesse</span> <span class='ocrx_word' id='word_1_202' title='bbox 957 3126 1073 3185; x_wconf 86' lang='lat' dir='ltr'>est.</span> <span class='ocrx_word' id='word_1_203' title='bbox 1164 3120 1258 3184; x_wconf 87' lang='lat' dir='ltr'>In</span> <span class='ocrx_word' id='word_1_204' title='bbox 1297 3142 1393 3185; x_wconf 90' lang='lat' dir='ltr'>vs.</span> <span class='ocrx_word' id='word_1_205' title='bbox 1439 3119 1551 3185; x_wconf 77' lang='lat'>111:</span> <span class='ocrx_word' id='word_1_206' title='bbox 1598 3125 1699 3204; x_wconf 85' lang='lat'>16,</span> <span class='ocrx_word' id='word_1_207' title='bbox 1751 3127 1828 3186; x_wconf 95' lang='grc'>11</span> 
     </span>
     <span class='ocr_line' id='line_1_26' title="bbox 653 3226 2819 3312; baseline 0 -22"><span class='ocrx_word' id='word_1_208' title='bbox 653 3282 662 3289; x_wconf 94' lang='grc'><strong>.</strong></span> <span class='ocrx_word' id='word_1_209' title='bbox 705 3227 866 3291; x_wconf 84' lang='lat' dir='ltr'>‘Nec</span> <span class='ocrx_word' id='word_1_210' title='bbox 907 3232 1144 3291; x_wconf 86' lang='lat' dir='ltr'>tamen</span> <span class='ocrx_word' id='word_1_211' title='bbox 1191 3232 1294 3291; x_wconf 91' lang='lat' dir='ltr'>est</span> <span class='ocrx_word' id='word_1_212' title='bbox 1339 3226 1723 3311; x_wconf 87' lang='lat' dir='ltr'>quisquam,</span> <span class='ocrx_word' id='word_1_213' title='bbox 1770 3248 1993 3292; x_wconf 89' lang='lat' dir='ltr'>sacros</span> <span class='ocrx_word' id='word_1_214' title='bbox 2040 3226 2161 3312; x_wconf 92' lang='lat' dir='ltr'>qui</span> <span class='ocrx_word' id='word_1_215' title='bbox 2204 3226 2431 3291; x_wconf 88' lang='lat' dir='ltr'>laedat</span> <span class='ocrx_word' id='word_1_216' title='bbox 2476 3226 2819 3291; x_wconf 87' lang='lat' dir='ltr'>amantes&#39;.</span> 
     </span>
     <span class='ocr_line' id='line_1_27' title="bbox 480 3324 2822 3409; baseline -0.002 -10"><span class='ocrx_word' id='word_1_217' title='bbox 480 3333 606 3400; x_wconf 86' lang='lat' dir='ltr'>sub</span> <span class='ocrx_word' id='word_1_218' title='bbox 668 3324 1154 3399; x_wconf 86' lang='lat' dir='ltr'>coniunctione</span> <span class='ocrx_word' id='word_1_219' title='bbox 1218 3332 1617 3399; x_wconf 84' lang='lat' dir='ltr'>subicienda</span> <span class='ocrx_word' id='word_1_220' title='bbox 1694 3340 1797 3398; x_wconf 90' lang='lat' dir='ltr'>est</span> <span class='ocrx_word' id='word_1_221' title='bbox 1858 3332 2205 3398; x_wconf 89' lang='lat' dir='ltr'>sententia</span> <span class='ocrx_word' id='word_1_222' title='bbox 2268 3332 2621 3409; x_wconf 76' lang='lat' dir='ltr'>‘Quamvis</span> <span class='ocrx_word' id='word_1_223' title='bbox 2683 3350 2822 3398; x_wconf 84' lang='lat' dir='ltr'>nox</span> 
     </span>
     <span class='ocr_line' id='line_1_28' title="bbox 480 3438 2815 3526; baseline -0.001 -21"><span class='ocrx_word' id='word_1_224' title='bbox 480 3446 808 3505; x_wconf 85' lang='lat' dir='ltr'>terrorem</span> <span class='ocrx_word' id='word_1_225' title='bbox 837 3439 1034 3523; x_wconf 88' lang='lat' dir='ltr'>nobis</span> <span class='ocrx_word' id='word_1_226' title='bbox 1060 3438 1360 3505; x_wconf 87' lang='lat' dir='ltr'>inferat’.</span> <span class='ocrx_word' id='word_1_227' title='bbox 1407 3440 1593 3517; x_wconf 78' lang='lat' dir='ltr'>Quid</span> <span class='ocrx_word' id='word_1_228' title='bbox 1624 3440 1757 3505; x_wconf 88' lang='lat' dir='ltr'>sibi</span> <span class='ocrx_word' id='word_1_229' title='bbox 1788 3439 1959 3505; x_wconf 87' lang='lat' dir='ltr'>velit</span> <span class='ocrx_word' id='word_1_230' title='bbox 1988 3439 2327 3526; x_wconf 84' lang='lat' dir='ltr'>particula</span> <span class='ocrx_word' id='word_1_231' title='bbox 2370 3462 2467 3506; x_wconf 83' lang='lat' dir='ltr'>vs.</span> <span class='ocrx_word' id='word_1_232' title='bbox 2497 3439 2571 3505; x_wconf 90' lang='grc' dir='ltr'><strong><em>Π</em></strong></span> <span class='ocrx_word' id='word_1_233' title='bbox 2602 3446 2703 3522; x_wconf 87' lang='grc'>33,</span> <span class='ocrx_word' id='word_1_234' title='bbox 2738 3444 2815 3504; x_wconf 88' lang='lat'>41</span> 
     </span>
    </p>

    <p class='ocr_par' dir='ltr' id='par_1_8' title="bbox 480 3544 2822 4062">
     <span class='ocr_line' id='line_1_29' title="bbox 705 3544 2413 3633; baseline -0.001 -22"><span class='ocrx_word' id='word_1_235' title='bbox 705 3546 936 3611; x_wconf 86' lang='lat' dir='ltr'>‘Nulla</span> <span class='ocrx_word' id='word_1_236' title='bbox 981 3552 1214 3611; x_wconf 86' lang='lat' dir='ltr'>tamen</span> <span class='ocrx_word' id='word_1_237' title='bbox 1256 3545 1434 3611; x_wconf 85' lang='lat' dir='ltr'>lecto</span> <span class='ocrx_word' id='word_1_238' title='bbox 1479 3546 1729 3633; x_wconf 82' lang='lat' dir='ltr'>recipit</span> <span class='ocrx_word' id='word_1_239' title='bbox 1772 3569 1845 3611; x_wconf 90' lang='lat' dir='ltr'>se</span> <span class='ocrx_word' id='word_1_240' title='bbox 1889 3544 2031 3611; x_wconf 89' lang='lat' dir='ltr'>sola</span> <span class='ocrx_word' id='word_1_241' title='bbox 2074 3544 2413 3611; x_wconf 89' lang='lat' dir='ltr'>libenter’.</span> 
     </span>
     <span class='ocr_line' id='line_1_30' title="bbox 483 3652 2822 3740; baseline -0 -23"><span class='ocrx_word' id='word_1_242' title='bbox 483 3653 733 3719; x_wconf 86' lang='lat' dir='ltr'>docent</span> <span class='ocrx_word' id='word_1_243' title='bbox 780 3675 876 3737; x_wconf 89' lang='lat' dir='ltr'>ea,</span> <span class='ocrx_word' id='word_1_244' title='bbox 923 3674 1098 3737; x_wconf 87' lang='lat' dir='ltr'>quae</span> <span class='ocrx_word' id='word_1_245' title='bbox 1141 3652 1306 3717; x_wconf 85' lang='lat' dir='ltr'>inde</span> <span class='ocrx_word' id='word_1_246' title='bbox 1351 3676 1391 3717; x_wconf 94' lang='lat' dir='ltr'>a</span> <span class='ocrx_word' id='word_1_247' title='bbox 1409 3710 1414 3715; x_wconf 92' lang='lat'><em>.</em></span> <span class='ocrx_word' id='word_1_248' title='bbox 1435 3676 1532 3719; x_wconf 88' lang='lat' dir='ltr'>vs.</span> <span class='ocrx_word' id='word_1_249' title='bbox 1565 3660 1649 3718; x_wconf 85' lang='lat'>23</span> <span class='ocrx_word' id='word_1_250' title='bbox 1696 3654 2066 3740; x_wconf 80' lang='lat' dir='ltr'>praemissa</span> <span class='ocrx_word' id='word_1_251' title='bbox 2095 3659 2273 3719; x_wconf 88' lang='lat' dir='ltr'>sunt.</span> <span class='ocrx_word' id='word_1_252' title='bbox 2346 3652 2630 3717; x_wconf 86' lang='lat' dir='ltr'>Illarum</span> <span class='ocrx_word' id='word_1_253' title='bbox 2674 3674 2822 3716; x_wconf 90' lang='lat' dir='ltr'>sen-</span> 
     </span>
     <span class='ocr_line' id='line_1_31' title="bbox 482 3757 2822 3845; baseline -0.001 -20"><span class='ocrx_word' id='word_1_254' title='bbox 482 3759 857 3826; x_wconf 80' lang='lat' dir='ltr'>tentiarum</span> <span class='ocrx_word' id='word_1_255' title='bbox 902 3782 1118 3823; x_wconf 84' lang='lat' dir='ltr'>nexus</span> <span class='ocrx_word' id='word_1_256' title='bbox 1162 3759 1276 3823; x_wconf 86' lang='lat' dir='ltr'>hic</span> <span class='ocrx_word' id='word_1_257' title='bbox 1331 3782 1472 3825; x_wconf 85' lang='lat' dir='ltr'>esse</span> <span class='ocrx_word' id='word_1_258' title='bbox 1517 3760 1823 3825; x_wconf 85' lang='lat' dir='ltr'>videtur:</span> <span class='ocrx_word' id='word_1_259' title='bbox 1890 3760 2315 3844; x_wconf 79' lang='lat' dir='ltr'>Quamquam</span> <span class='ocrx_word' id='word_1_260' title='bbox 2340 3758 2537 3826; x_wconf 89' lang='lat' dir='ltr'>mihi</span> <span class='ocrx_word' id='word_1_261' title='bbox 2560 3757 2822 3845; x_wconf 89' lang='lat' dir='ltr'>copiam</span> 
     </span>
     <span class='ocr_line' id='line_1_32' title="bbox 480 3864 2821 3955; baseline 0 -24"><span class='ocrx_word' id='word_1_262' title='bbox 480 3866 587 3931; x_wconf 71' lang='lat' dir='ltr'>tui</span> <span class='ocrx_word' id='word_1_263' title='bbox 631 3888 775 3931; x_wconf 91' lang='lat' dir='ltr'>non</span> <span class='ocrx_word' id='word_1_264' title='bbox 819 3864 1006 3951; x_wconf 85' lang='lat' dir='ltr'>facis,</span> <span class='ocrx_word' id='word_1_265' title='bbox 1053 3874 1286 3931; x_wconf 82' lang='lat' dir='ltr'>tamen</span> <span class='ocrx_word' id='word_1_266' title='bbox 1328 3867 1501 3932; x_wconf 86' lang='lat' dir='ltr'>illud</span> <span class='ocrx_word' id='word_1_267' title='bbox 1539 3868 1695 3951; x_wconf 85' lang='lat' dir='ltr'>scio,</span> <span class='ocrx_word' id='word_1_268' title='bbox 1744 3868 2004 3933; x_wconf 85' lang='lat' dir='ltr'>nullam</span> <span class='ocrx_word' id='word_1_269' title='bbox 2047 3867 2344 3955; x_wconf 89' lang='lat' dir='ltr'>puellam</span> <span class='ocrx_word' id='word_1_270' title='bbox 2391 3873 2559 3951; x_wconf 88' lang='lat' dir='ltr'>etsq.</span> <span class='ocrx_word' id='word_1_271' title='bbox 2630 3866 2821 3953; x_wconf 87' lang='lat' dir='ltr'>Ergo</span> 
     </span>
     <span class='ocr_line' id='line_1_33' title="bbox 480 3972 2434 4062; baseline 0 -24"><span class='ocrx_word' id='word_1_272' title='bbox 480 3972 682 4041; x_wconf 73' lang='lat' dir='ltr'>rebus</span> <span class='ocrx_word' id='word_1_273' title='bbox 727 3994 808 4037; x_wconf 83' lang='lat' dir='ltr'>ac</span> <span class='ocrx_word' id='word_1_274' title='bbox 852 3972 1272 4061; x_wconf 84' lang='lat' dir='ltr'>temporibus</span> <span class='ocrx_word' id='word_1_275' title='bbox 1317 3973 1500 4041; x_wconf 77' lang='lat' dir='ltr'>cedo,</span> <span class='ocrx_word' id='word_1_276' title='bbox 1591 3972 1720 4062; x_wconf 91' lang='lat' dir='ltr'>Ap.</span> <span class='ocrx_word' id='word_1_277' title='bbox 1766 3975 1966 4061; x_wconf 85' lang='lat' dir='ltr'>Prop.</span> <span class='ocrx_word' id='word_1_278' title='bbox 2011 3972 2121 4038; x_wconf 89' lang='grc' dir='ltr'>ΠΙ</span> <span class='ocrx_word' id='word_1_279' title='bbox 2148 3981 2225 4058; x_wconf 89' lang='grc'>,5,</span> <span class='ocrx_word' id='word_1_280' title='bbox 2276 3980 2312 4038; x_wconf 88' lang='grc'>3</span> <span class='ocrx_word' id='word_1_281' title='bbox 2426 4008 2434 4015; x_wconf 89' lang='grc'><strong>-</strong></span> 
     </span>
    </p>

    <p class='ocr_par' dir='ltr' id='par_1_9' title="bbox 704 4079 2663 4169">
     <span class='ocr_line' id='line_1_34' title="bbox 704 4079 2663 4169; baseline -0.001 -25"><span class='ocrx_word' id='word_1_282' title='bbox 704 4079 924 4145; x_wconf 85' lang='lat' dir='ltr'>‘Pacis</span> <span class='ocrx_word' id='word_1_283' title='bbox 970 4082 1183 4145; x_wconf 87' lang='lat' dir='ltr'>Amor</span> <span class='ocrx_word' id='word_1_284' title='bbox 1228 4079 1395 4146; x_wconf 78' lang='lat' dir='ltr'>deus</span> <span class='ocrx_word' id='word_1_285' title='bbox 1442 4088 1560 4164; x_wconf 56' lang='lat' dir='ltr'>est„</span> <span class='ocrx_word' id='word_1_286' title='bbox 1606 4104 1845 4169; x_wconf 89' lang='lat' dir='ltr'>pacem</span> <span class='ocrx_word' id='word_1_287' title='bbox 1888 4102 2297 4146; x_wconf 78' lang='lat' dir='ltr'>veneramur</span> <span class='ocrx_word' id='word_1_288' title='bbox 2340 4088 2663 4145; x_wconf 82' lang='lat' dir='ltr'>amantes,</span> 
     </span>
    </p>

    <p class='ocr_par' dir='ltr' id='par_1_10' title="bbox 703 4188 2377 4277">
     <span class='ocr_line' id='line_1_35' title="bbox 703 4188 2377 4277; baseline -0.001 -24"><span class='ocrx_word' id='word_1_289' title='bbox 703 4188 911 4253; x_wconf 85' lang='lat' dir='ltr'>Stant</span> <span class='ocrx_word' id='word_1_290' title='bbox 956 4188 1127 4252; x_wconf 89' lang='lat' dir='ltr'>mihi</span> <span class='ocrx_word' id='word_1_291' title='bbox 1173 4210 1328 4254; x_wconf 91' lang='lat' dir='ltr'>cum</span> <span class='ocrx_word' id='word_1_292' title='bbox 1373 4188 1649 4254; x_wconf 86' lang='lat' dir='ltr'>domina</span> <span class='ocrx_word' id='word_1_293' title='bbox 1694 4189 1954 4277; x_wconf 89' lang='lat' dir='ltr'>proelia</span> <span class='ocrx_word' id='word_1_294' title='bbox 2001 4188 2170 4253; x_wconf 81' lang='lat' dir='ltr'>dura</span> <span class='ocrx_word' id='word_1_295' title='bbox 2213 4210 2377 4254; x_wconf 87' lang='lat' dir='ltr'>mea.</span> 
     </span>
    </p>

    <p class='ocr_par' dir='ltr' id='par_1_11' title="bbox 703 4294 2579 4382">
     <span class='ocr_line' id='line_1_36' title="bbox 703 4294 2579 4382; baseline 0 -23"><span class='ocrx_word' id='word_1_296' title='bbox 703 4294 861 4359; x_wconf 79' lang='lat' dir='ltr'>Nec.</span> <span class='ocrx_word' id='word_1_297' title='bbox 892 4301 1124 4361; x_wconf 83' lang='lat' dir='ltr'>tamen</span> <span class='ocrx_word' id='word_1_298' title='bbox 1165 4294 1394 4361; x_wconf 86' lang='lat' dir='ltr'>inviso</span> <span class='ocrx_word' id='word_1_299' title='bbox 1435 4302 1677 4382; x_wconf 81' lang='lat' dir='ltr'>pectus</span> <span class='ocrx_word' id='word_1_300' title='bbox 1724 4294 1895 4359; x_wconf 89' lang='lat' dir='ltr'>mihi</span> <span class='ocrx_word' id='word_1_301' title='bbox 1940 4295 2245 4382; x_wconf 87' lang='lat' dir='ltr'>carpitur</span> <span class='ocrx_word' id='word_1_302' title='bbox 2290 4317 2453 4359; x_wconf 89' lang='lat' dir='ltr'>auro</span> <span class='ocrx_word' id='word_1_303' title='bbox 2502 4347 2514 4360; x_wconf 92' lang='lat'><strong>.</strong></span> <span class='ocrx_word' id='word_1_304' title='bbox 2547 4294 2579 4359; x_wconf 90' lang='lat'>.’</span> 
     </span>
    </p>

    <p class='ocr_par' dir='ltr' id='par_1_12' title="bbox 657 4400 2824 4490">
     <span class='ocr_line' id='line_1_37' title="bbox 657 4400 2824 4490; baseline 0.001 -25"><span class='ocrx_word' id='word_1_305' title='bbox 657 4400 1043 4489; x_wconf 88' lang='lat' dir='ltr'>Hauptium</span> <span class='ocrx_word' id='word_1_306' title='bbox 1091 4401 1608 4487; x_wconf 88' lang='lat' dir='ltr'>Vahlenumque</span> <span class='ocrx_word' id='word_1_307' title='bbox 1652 4423 1779 4490; x_wconf 88' lang='lat' dir='ltr'>pro</span> <span class='ocrx_word' id='word_1_308' title='bbox 1826 4402 2069 4467; x_wconf 88' lang='lat' dir='ltr'>vocula</span> <span class='ocrx_word' id='word_1_309' title='bbox 2114 4401 2376 4466; x_wconf 87' lang='lat' dir='ltr'>‘tamen&#39;</span> <span class='ocrx_word' id='word_1_310' title='bbox 2424 4400 2824 4467; x_wconf 83' lang='lat' dir='ltr'>adverbium</span> 
     </span>
    </p>
   </div>
  </div>
 </body>
</html>
