3092 5117
1455 414 1896 473 -50-

679 586 828 651 Iam
873 608 1078 673 supra
1107 586 1352 652 vocula
1397 585 1513 649 ‘in’
1546 585 1680 650 loci
1726 583 2309 672 propinquitatem
2348 582 2645 648 indicari
2672 581 2869 649 vidi-

503 715 670 757 mus.
736 693 925 770 Quae
970 699 1204 758 utrum
1247 692 1324 757 in
1369 692 1754 758 elocutione
1802 690 1903 754 ‘in
1947 690 2199 755 limine’
2249 690 2313 776 (I
2355 696 2453 774 16,
2488 698 2589 755 22.
2655 698 2712 773 4,
2752 696 2865 755 22.

508 806 565 883 8.,
616 803 727 883 22)
772 800 1245 886 intellegatur,
1291 821 1534 883 necne,
1589 797 1777 863 haud
1823 797 2151 863 continuo
2198 796 2562 862 diiudicari
2605 803 2864 885 potest.

505 906 605 977 At
648 904 1020 994 probabilis
1064 906 1188 971 fiet
1229 906 1349 971 illa
1396 906 1812 988 coniectura,
1867 905 1927 970 si
1952 902 2549 992 'comparabuntur
2595 903 2673 967 hi
2715 902 2867 969 1001

505 1014 613 1079 111
653 1020 718 1097 ,3,
766 1018 848 1078 47
2129 1025 2137 1031 ⁸

729 1119 1026 1208 ‘Quippe
1071 1125 1428 1185 coronatos
1473 1118 1774 1184 alienum
1818 1119 1907 1184 ad
1934 1116 2147 1184 limen
2176 1125 2482 1183 amantes
2515 1168 2528 1181 .
2562 1168 2575 1181 .
2610 1117 2864 1181 canes'.

506 1225 652 1291 Tib.
685 1226 758 1291 Π
793 1232 848 1309 1,
885 1232 966 1291 74
1015 1225 1270 1291 ‘dicere
1311 1226 1512 1291 1110111,
1554 1225 1805 1290 Limen
1850 1225 1940 1290 ad
1983 1226 2198 1290 iratae
2244 1223 2455 1290 verba
2486 1275 2499 1289 .
2532 1274 2546 1287 .
2578 1223 2863 1288 senem'.

681 1332 928 1417 Itaque
972 1354 1116 1397 non
1163 1332 1448 1397 dubium
1505 1340 1637 1416 est,
1693 1332 1863 1417 quin
1916 1339 2119 1419 poeta
2170 1331 2439 1397 ratione
2485 1330 2865 1418 superioris

505 1438 639 1504 loci
683 1432 924 1504 habita
969 1438 1122 1505 ‘sub
1167 1439 1427 1505 limine’
1477 1444 1723 1523 (unten
1766 1443 1883 1522 an)
1930 1438 2279 1527 scripserit
2323 1438 2396 1503 H
2445 1446 2545 1521 25,
2595 1443 2628 1502 1
2642 1444 2675 1502 7

731 1546 848 1611 ‘At
890 1546 1080 1612 nullo
1127 1546 1438 1612 dominae
1485 1546 1736 1612 teritur
1781 1546 1908 1611 sub
1953 1545 2189 1611 limine
2234 1567 2425 1611 amor
2468 1544 2588 1629 qui

727 1652 975 1718 Restat
1021 1661 1092 1718 et
1136 1653 1458 1718 inmerita'
1499 1653 1796 1717 sustinet
1841 1675 2003 1717 aure
2052 1652 2319 1717 minas'.
2586 1693 2593 1699 -

685 1758 945 1836 Quodsi
994 1759 1278 1844 quaeriS,
1323 1759 1446 1824 ubi
1489 1759 1799 1847 superior
1843 1760 2055 1842 locus,
2101 1780 2307 1843 quem
2349 1765 2592 1846 poetae
2636 1756 2861 1822 oculis

509 1864 948 1934 obversatum
995 1888 1137 1931 esse
1181 1864 1536 1949 affirmavi,
1582 1864 1819 1949 fuerit,
1868 1864 2055 1930 haud
2100 1863 2384 1931 difficile
2430 1872 2535 1929 est
2577 1885 2861 1952 respon-

507 1973 684 2037 dere.
750 1972 926 2037 Nam
971 1974 1172 2061 Prop.
1221 1980 1342 2038 aut
1385 1973 1697 2061 superius
1743 1973 1992 2038 ostium
2036 1972 2113 2036 in
2157 1972 2385 2039 animo
2428 1970 2688 2055 habuit,
2735 1977 2863 2035 aut

510 2079 750 2144 domus
795 2077 1184 2163 fenestram,
1231 2102 1314 2144 ex
1358 2102 1496 2165 qua
1538 2080 1767 2166 puella
1812 2102 1968 2144 cum
2012 2086 2315 2145 amatore
2360 2079 2694 2144 collocuta
2716 2085 2857 2165 est.

511 2184 650 2252 Ofr.
682 2185 846 2257 Hor.
879 2185 990 2251 ΠΙ
1024 2195 1080 2269 7,
1115 2192 1197 2250 30
1253 2194 1495 2270 ‘neque
1524 2185 1601 2249 in
1631 2185 1778 2251 vias
1810 2184 1953 2251 Sub
1987 2192 2197 2251 cantu
2232 2185 2555 2270 querulae
2586 2183 2861 2271 despice

511 2291 722 2356 tibiae
732 2292 766 2356 '.

687 2398 1018 2485 Adiungo
1083 2399 1534 2466 elocutionem
1591 2403 1837 2465 ‘terere
1892 2399 2212 2483 aliquem'
2266 2398 2503 2465 lexicis
2564 2395 2861 2463 testibus

513 2505 940 2593 comprobari
983 2528 1290 2571 sermone
1334 2504 1630 2571 Liviano
1676 2512 1883 2591 atque
1928 2506 2293 2571 relativum
2337 2526 2735 2592 pronomen,
2786 2504 2861 2567 in

514 2636 648 2699 quo
681 2612 959 2697 quidam
988 2611 1440 2696 offenderunt,
1471 2612 1546 2677 in
1577 2636 1813 2679 versus
1841 2614 2031 2678 exitu
2062 2612 2148 2679 ab
2169 2612 2417 2679 Ovidio
2444 2612 2710 2701 saepius
2740 2634 2862 2698 po-

513 2719 722 2785 situm
769 2742 926 2802 esse,
975 2741 1178 2803 quam
1221 2727 1303 2784 ut
1333 2719 1663 2785 eiusmodi
1694 2719 2086 2785 testimonia
2120 2718 2502 2785 adscribam
2534 2725 2859 2806 oporteat.

695 2826 885 2903 Quae
941 2849 1096 2891 011111
1150 2827 1260 2892 ita·
1304 2826 1469 2909 sint,
1535 2826 1863 2893 concedes
1917 2848 2215 2911 versum,
2282 2827 2367 2891 de
2422 2848 2557 2911 quo
2612 2825 2862 2912 agitur,

515 2931 772 2997 frustra
816 2940 1144 2998 vexatum
1198 2932 1607 2997 coniecturis
1655 2932 2076 3016 (⁶molimine'
2124 2932 2355 2998 Davis.
2401 2932 2631 2997 Muell.
2710 2932 2860 2997 ‘sub

516 3039 817 3105 crimine'
848 3040 1210 3126 Langerm.
1242 3038 1512 3123 Baehr.)
1570 3061 1793 3124 neque
1830 3039 2076 3105 merito
2117 3062 2319 3105 cruce
2362 3046 2681 3106 notatum
2721 3024 2870 3103 esse·

518 3145 603 3211 ab
651 3146 958 3234 Hauptio
1005 3146 1466 3230 Vahl'enoque.

694 3252 904 3318 Haud
966 3253 1260 3318 multum
1321 3252 1566 3335 habe0,
1641 3251 1826 3337 quod
1890 3252 2113 3317 dicam
2177 3252 2264 3318 de
2324 3252 2433 3317 his
2510 3252 2860 3340 exemplis:

519 3359 622 3425 IV
671 3367 737 3443 5,
786 3366 869 3425 60
933 3359 1213 3425 ‘rosaria
1277 3358 1420 3424 Sub
1523 3410 1536 3421 .
1586 3367 1780 3424 cocta
1840 3359 2057 3425 iacere
2118 3360 2309 3425 noto²
2366 3359 2407 3424 1.
2426 3382 2495 3425 ,0.
2541 3366 2751 3425 unter
2802 3359 2861 3422 d.

520 3465 787 3551 Wirkg.
837 3464 954 3529 des
998 3464 1081 3529 N.
1171 3465 1244 3529 Π
1292 3471 1403 3548 28,
1453 3471 1534 3529 35
1603 3464 1981 3531 ‘Deficiunt
2022 3466 2288 3551 magico
2334 3466 2505 3531 torti
2550 3465 2676 3531 sub
2724 3486 2864 3529 car-

521 3571 708 3638 mine
751 3569 1047 3636 rhombi’
1094 3571 1138 3634 i.
1172 3594 1227 3635 e.
1271 3570 1606 3637 wahrend
1652 3570 1771 3637 des
1800 3570 1880 3637 L.
1956 3568 2095 3637 Gfr.
2127 3570 2292 3636 Hor.
2324 3570 2435 3635 m
2468 3577 2526 3655 7,
2560 3578 2643 3637 30
2696 3570 2861 3637 ‘Sub

523 3685 732 3743 cantu
779 3729 838 3742 ..
889 3676 1203 3765 despice'.
1295 3679 1403 3743 Pr.
1451 3678 1555 3744 IV
1606 3688 1669 3762 7,
1720 3685 1801 3745 35
1870 3672 2085 3743 ‘Haec
2130 3729 2147 3742 .
2193 3729 2207 3742 .
2253 3700 2519 3744 mecum
2572 3676 2701 3743 sub
2746 3677 2865 3742 lite

521 3784 832 3872 peregit’.
926 3782 1065 3849 Gfr.
1114 3785 1322 3870 Verg.
1367 3783 1540 3848 Aen.
1588 3778 1690 3850 IV
1740 3791 1866 3849 560
1924 3788 2143 3873 ‘potes
2188 3785 2319 3849 hoc
2362 3784 2491 3850 sub
2538 3806 2699 3849 casu
2746 3782 2862 3847 du-

525 3914 674 3956 cere
720 3891 1052 3956 00111110οῬ
