3092 5117
1245 418 1690 478 -13-

513 590 684 655 ‘Illic
730 590 845 656 vel
890 588 1136 655 studiis
1149 590 1200 674 1)
1249 588 1553 655 511111111111
1600 589 1959 656 emendare
2004 588 2314 655 Platonis

507 695 843 785 Incipiam
889 703 1010 762 aut
1053 693 1288 781 hortis,
1336 697 1535 762 docte
1580 696 1897 784 Epicure,
1944 696 2098 762 tuis.

506 806 888 888 Persequar
932 811 1052 869 aut
1098 802 1403 868 studium
1445 802 1820 889 linguae.

477 911 769 976 Mueller
833 916 902 975 013
965 909 1316 975 Baehrens
1391 910 1543 974 ‘'aut
1614 930 1741 998 pro
1816 909 1961 976 ‘vel'
2026 913 2426 997 posuerunt,
2492 928 2649 973 cum

293 1016 802 1103 Hertzbergius
866 1016 1278 1081 sententiam
1331 1014 1607 1080 Η511(111
1650 1021 1923 1081 5001113115
1986 1016 2270 1081 voculae
2333 1014 2476 1080 ‘vel’
2542 1014 2649 1078 111-

289 1123 643 1192 tensivam
706 1122 850 1189 vim
924 1122 1266 1189 tribuerit.
1367 1121 1468 1187 At
1539 1122 1709 1206 quid
1770 1128 1915 1187 tam
1976 1122 2251 1206 mirum,
2316 1121 2376 1185 51
2446 1127 2650 1209 poeta

293 1231 594 1297 Athenis
639 1229 1109 1318 philosophiae
1155 1229 1382 1295 studio
1430 1252 1575 1294 sese
1608 1229 1891 1294 daturus
1938 1229 2081 1295 est?
2168 1227 2649 1294 Lachmannus

295 1338 518 1425 igitur
562 1337 737 1402 illud
768 1337 1113 1402 distichon
1157 1336 1243 1402 ab
1291 1336 1786 1424 interpolatore
1815 1335 2201 1425 profectum
2248 1358 2391 1401 0550
2426 1341 2650 1424 putat.

271 1444 400 1529 ,At
416 1444 474 1509 is
496 1467 616 1509 cur
633 1466 774 1509 non
794 1444 945 1509 ‘aut’
976 1443 1274 1508 malebat
1299 1443 1611 1527 scribere,
1643 1466 1798 1508 cum
1814 1443 2216 1531 praesertim
2235 1442 2379 1509 ‘vel’
2398 1463 2651 1530 ponere

294 1558 519 1616 metro
574 1573 717 1616 non
773 1550 1174 1637 cogeretur?
1261 1552 1474 1616 Porro
1520 1550 2006 1615 Lachmannus
2064 1556 2132 1615 et
2177 1550 2264 1614 H.
2310 1549 2649 1633 Keilius2)

299 1658 513 1744 longa
553 1657 1019 1745 disputatione
1067 1657 1617 1723 consecutionem
1663 1660 1800 1722 ‘aut
1844 1696 1935 1705 —
1978 1656 2107 1723 vel'
2155 1662 2649 1741 tractaverunt,

297 1766 424 1831 sed
470 1766 556 1830 (10
601 1766 1038 1853 responsione
1084 1766 1214 1831 ‘vel
1261 1804 1344 1815 —
1393 1764 1528 1830 aut’
1578 1786 1722 1830 non
1768 1764 1987 1829 multa
2033 1762 2517 1830 disseruerunt.

480 1873 688 1938 Nunc
737 1872 1091 1938 considera
1134 1894 1398 1937 mecum
1442 1872 1671 1938 locum
1718 1872 1839 1938 Ov.
1885 1872 2049 1938 Met.
2094 1871 2237 1936 XV
2285 1878 2412 1937 600

854 1982 992 2045 ‘vos
1037 1978 1208 2043 urbe
1251 1978 1481 2045 virum
1524 1978 1901 2066 prohibete,
1951 1977 2269 2062 Quirites,

508 2085 657 2169 Vel,
707 2084 766 2149 si
812 2085 1066 2172 dignus
1113 2085 1262 2170 erit,
1309 2084 1638 2171 gravibus
1684 2085 1944 2151 vincite
1992 2084 2267 2169 051301115,

509 2189 656 2256 Aut
699 2192 896 2257 finite
939 2198 1201 2257 metum
1244 2189 1475 2257 fatalis
1521 2199 1741 2258 morte
1785 2192 2105 2279 tyranni’.

295 2297 438 2362 iam
485 2297 830 2381 00110οἃ05,
878 2298 1170 2363 alterum
1209 2298 1590 2364 membrum
1636 2321 1676 2363 a
1705 2298 2043 2387 particula
2087 2298 2240 2363 ‘aut’
2288 2296 2653 2379 inductum

300 2427 458 2489 non,
504 2411 585 2469 ut
628 2404 965 2471 Kuehner
976 2404 1028 2492 3)
1076 2405 1467 2490 arbitratur,
1525 2406 1882 2471 enuntiato
1929 2410 2068 2471 ‘vos
2113 2404 2284 2470 urbe
2331 2405 2472 2489 sqq’
2521 2426 2653 2469 res-

295 2511 603 2599 pondere
632 2534 854 2596 neque
886 2511 1179 2577 alterum
1205 2511 1602 2596 membrum,
1652 2512 1836 2597 quod
1868 2534 1907 2576 a
1936 2512 2181 2577 vocula
2212 2510 2356 2577 ‘vel’
2388 2511 2651 2599 incipit,

297 2617 389 2683 ab
435 2618 555 2682 illa
601 2617 948 2683 sententia
995 2622 1132 2684 ‘vos
1177 2618 1348 2683 urbe
1395 2618 1557 2703 sqq!
1605 2618 1905 2705 pendere
1950 2640 2161 2705 posse.

480 2725 734 2792 Versus
790 2725 913 2791 Ov.
969 2725 1144 2789 Ibid.
1205 2732 1330 2791 297
1391 2733 1460 2791 et
1517 2733 1646 2791 469
1714 2726 1845 2791 01351
1912 2725 2257 2791 5011130111315
2322 2747 2556 2791 eorum
2614 2748 2653 2789 a

299 2832 550 2897 vocula
594 2832 738 2897 ‘vel’
785 2832 1060 2920 incipit,
1113 2854 1254 2898 non
1301 2833 1709 2917 adscribam,
1769 2834 1931 2918 quia
1974 2840 2177 2921 poeta
2221 2835 2296 2897 in
2341 2834 2460 2899 illo
2510 2856 2653 2898 car-

297 2938 488 3003 mine
544 2938 1062 3005 coniunctiones
1119 2939 1271 3005 ‘aut’
1330 2946 1398 3005 et
1464 2940 1611 3006 ‘vel’
1675 2940 1881 3004 nimis
1935 2940 2234 3006 variavit
2300 2962 2511 3025 eaque
2568 2940 2652 3005 de

297 3066 506 3109 causa
566 3046 904 3111 minorem
965 3046 1173 3113 habet
1236 3048 1731 3113 auctoritatem.
1836 3047 2019 3124 Quid
2084 3046 2269 3133 quod
2322 3048 2652 3114 Horatius

299 3151 675 3239 particulas
734 3152 1180 3219 disiunctivas
1235 3153 1618 3241 promiscue
1672 3153 2035 3241 usurpavit
2091 3154 2309 3218 Oarm.
2366 3154 2403 3219 1
2461 3162 2516 3238 7,
2577 3154 2654 3220 1?

301 3257 530 3343 Magis
577 3266 806 3323 autem
863 3259 1169 3348 apposite
1227 3259 1314 3324 ad
1369 3260 1876 3348 persuasionem
1930 3260 2146 3325 locuti
2192 3267 2355 3326 sunt
2402 3261 2451 3325 J
2452 3284 2651 3327 uven.

297 3364 412 3429 ΠΙ
446 3371 573 3429 120
623 3364 761 3430 ‘ubi
790 3372 1040 3452 regnat
1071 3367 1492 3453 Protogenes
1541 3367 1787 3452 aliquis
1818 3367 1931 3433 vel
1958 3366 2281 3454 Diphilus
2328 3374 2448 3433 aut
2478 3367 2653 3433 Her-

304 3471 660 3537 marchus'.
754 3480 959 3557 atque
1006 3472 1266 3538 Statius
1311 3472 1420 3537 ΙΠ
1469 3482 1525 3558 5,
1576 3481 1659 3539 20
1707 3478 1796 3540 ‘et
1842 3474 1901 3539 si
1944 3474 2207 3560 gelidas
2251 3474 2422 3539 irem
2464 3497 2653 3540 man-

300 3600 502 3643 surus
550 3579 637 3643 ad
667 3578 916 3645 Arctos
946 3580 1080 3645 Vel
1125 3602 1328 3668 super
1357 3580 1733 3669 Hesperiae
1778 3580 1956 3648 vada
2002 3581 2373 3669 caligantia
2402 3581 2651 3647 Thules

301 3682 456 3749 Aut
503 3686 1029 3773 septemgemini
1075 3694 1280 3775 caput
1324 3687 1845 3775 impenetrabile
1875 3688 2036 3773 Nili,
2082 3689 2424 3753 Partirere
2469 3688 2651 3755 vias’.

487 3790 748 3869 Quibus
779 3792 854 3856 in
884 3792 1148 3859 duobus
1179 3793 1557 3859 enuntiatis
1588 3802 1822 3860 utrum
1852 3795 2229 3860 sententiae
2258 3794 2651 3879 membrum,

304 3896 494 3983 quod
525 3921 564 3962 5
581 3898 919 3985 particula
949 3899 1365 3966 disiunctiva
1383 3907 1600 3985 vacat,
1633 3900 2227 3967 coniunctionibus
2261 3902 2390 3966 ‘vel
2408 3940 2496 3950 -
2515 3902 2651 3967 51113’

303 4006 686 4090 antecedat,
731 4029 960 4091 necne,
1007 4006 1185 4071 nihil
1213 4006 1444 4073 refert.
1520 4009 1699 4073 Nam
1728 4009 1895 4074 talia
1926 4008 2231 4095 exempla
2273 4015 2343 4074 et
2371 4007 2650 4073 Lachm.

304 4110 379 4175 in
426 4110 840 4199 disputanda
885 4114 1360 4180 consecutione
1407 4119 1544 4180 ‘aut
1589 4156 1679 4164 —
1722 4116 1851 4182 vel’
1896 4115 2185 4181 notavit.

487 4274 528 4343 1)
566 4272 797 4326 ‘stadiis'
834 4272 1076 4328 Broukh.
1117 4276 1174 4328 et
1209 4274 1444 4329 Mueller
1479 4275 1678 4329 melius
1715 4275 2068 4345 scripserunt.

488 4362 530 4431 ²)
568 4360 710 4432 Keil,
751 4366 962 4431 quaest.
1003 4362 1123 4416 crit.
1161 4363 1220 4415 in
1255 4364 1418 4434 Prop.
1457 4384 1514 4434 p.
1550 4366 1635 4418 47.

489 4450 532 4520 ⁸)
571 4449 833 4505 Kuehner
867 4451 920 4503 II
957 4451 1076 4505 712.
