3092 5117
1460 386 1903 446 —14—

737 557 1036 622 Transeo
1084 558 1171 623 ad
1215 581 1312 623 vs.
1358 557 1447 641 Π,
1498 565 1555 643 2,
1606 565 1643 623 6
1693 557 1969 622 ‘incedit
2014 558 2128 623 vel
2170 558 2349 623 Jove
2396 557 2609 644 digna
2654 579 2872 641 soror,

731 661 879 727 Aut
927 686 1082 728 cum
1125 664 1534 751 Munychias
1580 665 1807 729 Pallas
1854 665 2190 751 spatiatur
2234 664 2322 730 ad
2368 664 2551 731 aras’.

687 769 810 835 ubi
852 770 1300 835 Lachmanno
1359 778 1428 836 et
1471 771 1931 857 Hertzbergio
1980 794 2276 837 sororem
2319 771 2867 857 intellegendam

511 900 652 943 esse
685 876 1058 963 Cynthiam
1103 885 1309 964 atque
1340 879 1623 943 voculae
1672 879 1815 945 ‘vel'
1864 878 2273 945 intensivam
2317 879 2461 944 vim
2505 878 2869 967 imponen-

511 984 668 1049 dam
721 984 890 1050 ratis
944 985 1200 1050 idcirco
1257 986 1615 1071 assentior,
1673 986 1859 1072 quod
1912 993 2143 1052 noster
2195 992 2399 1073 poeta
2451 984 2865 1073 particulam

509 1092 651 1157 ‘vel'
700 1079 824 1179 pro
869 1091 1203 1157 vocabulo
1261 1092 1462 1157 ‘adeo'
1513 1099 1861 1180 acceptam
1908 1115 2062 1158 cum
2115 1093 2391 1158 nomine
2445 1092 2495 1158 J
2498 1092 2644 1159 ovis
2701 1114 2869 1157 con-

506 1198 795 1284 iungere
841 1199 1029 1264 solet.
1119 1198 1567 1285 Hertzbergii
1612 1206 1845 1265 autem
1891 1200 2223 1287 opinioni,
2282 1200 2508 1267 omnia
2554 1222 2697 1265 esse
2745 1220 2862 1263 ex-

507 1305 770 1393 pedita,
815 1305 876 1371 si
921 1306 1036 1371 ‘Ut
1084 1306 1254 1369 cum’
1301 1328 1426 1393 pro
1473 1304 1637 1371 ‘Aut
1684 1307 1853 1371 cum’
1910 1307 2279 1394 legeretur,
2336 1306 2503 1371 haec
2552 1306 2867 1393 exempla

509 1434 793 1501 oppon0.
859 1412 981 1479 Ov.
1015 1434 1138 1476 am.
1171 1412 1259 1475 Π.
1296 1420 1352 1495 5,
1388 1419 1468 1477 37
1506 1412 1737 1489 ‘Quale
1767 1435 1959 1478 rosae
1988 1411 2265 1499 fulgent
2296 1464 2309 1477 .
2333 1464 2347 1477 .
2377 1411 2525 1478 Aut
2550 1412 2672 1477 ubi
2702 1434 2861 1477 can-

507 1519 670 1585 tatis
700 1519 864 1583 luna
892 1518 1160 1584 laborat
1193 1519 1401 1604 equis,
1432 1519 1581 1584 Aut
1612 1520 1798 1605 quod
1817 1573 1830 1588 .
1854 1574 1867 1587 .
1885 1521 2191 1586 Maeonis
2212 1520 2575 1607 Assyrium
2602 1508 2878 1585 femina*

507 1626 724 1691 tinxit
743 1626 946 1691 ebur'.
996 1626 1160 1692 Met.
1179 1627 1318 1692 VH
1340 1632 1486 1693 107.
1535 1628 1726 1714 Ergo
1748 1635 2109 1712 structura,
2142 1628 2225 1693 de
2246 1650 2383 1713 qua
2410 1628 2658 1715 agitur,
2690 1626 2862 1692 haec

511 1739 612 1798 est
658 1732 938 1798 ‘incedit
971 1786 984 1799 .
1018 1784 1031 1798 .
1074 1755 1264 1797 soror
1313 1734 1378 1819 (i.
1414 1757 1467 1801 e.
1515 1734 1613 1799 als
1647 1735 1823 1817 eine)
1866 1741 1986 1800 aut
2016 1736 2239 1800 Pallas
2287 1758 2441 1800 cum
2488 1734 2861 1822 spatiatur’.

689 1846 745 1903 5.
810 1838 1021 1926 Apud
1072 1840 1272 1927 Prop.
1319 1840 1392 1903 Π
1441 1848 1542 1924 32,
1594 1850 1631 1905 5
1682 1841 1896 1906 codex
1940 1841 2151 1929 Neap.
2196 1842 2412 1907 tradit

731 1945 978 2012 ‘Curva
1025 1952 1093 2010 te
1124 1946 1545 2011 Herculeum
1578 1947 1946 2036 deportant
1992 1948 2225 2013 esseda
2255 1948 2525 2013 Tibur’?
2614 1945 2863 2011 Lectio

509 2059 738 2118 autem
785 2052 1037 2118 codicis
1086 2052 1295 2119 Grron.
1389 2054 1547 2119 ‘Cur
1593 2062 1825 2121 vatem
1854 2056 2074 2120 Herc!
2123 2056 2553 2121 commendat
2599 2076 2863 2119 correc-

508 2158 770 2224 tionem
801 2158 1054 2243 ι(1111·νομ
1077 2165 1148 2225 te
1178 2159 1254 2225 in
1284 2160 1502 2225 Herc.’
1568 2162 1933 2227 Praeterea
1978 2161 2154 2227 hanc
2200 2162 2609 2248 scripturam
2646 2159 2863 2225 fulcio

508 2265 851 2331 simillimo
898 2266 1234 2331 Martialis
1277 2269 1427 2333 loco
1473 2268 1576 2332 IV
1627 2276 1726 2353 62,
1779 2275 1811 2334 1

732 2372 965 2437 ‘Tibur
1008 2372 1086 2436 in
1130 2373 1551 2439 Herculeum
1593 2374 1924 2461 migravit
1969 2376 2170 2461 nigra
2211 2374 2537 2462 Lycoris'.

686 2480 931 2564 Itaque
986 2478 1278 2545 Mueller
1342 2480 1601 2545 iniuria
1664 2481 2011 2569 scripsisse
2064 2482 2343 2549 videtur
2400 2482 2558 2547 ‘Cur
2612 2487 2733 2546 aut
2786 2487 2863 2546 te

508 2587 748 2670 Herc.',
794 2586 1195 2674 praesertim
1228 2609 1382 2651 cum
1411 2587 1687 2653 litterae
1719 2587 1789 2653 ‘e’
1824 2589 2331 2677 synaloepham,
2377 2590 2453 2655 in
2484 2611 2617 2674 qua
2648 2586 2863 2653 offen-

511 2693 722 2776 derat,
777 2692 1081 2758 inveniri
1135 2693 1318 2779 apud
1363 2695 1563 2781 Prop.
1610 2693 1714 2762 IV
1763 2700 1818 2779 1,
1880 2702 1960 2761 36
2018 2696 2163 2783 ipse
2217 2702 2528 2763 testetur.
2618 2696 2858 2779 Neque

509 2800 734 2865 minus
794 2799 1140 2865 reicienda
1197 2823 1338 2865 esse
1395 2824 1655 2885 censeo,
1722 2824 1895 2887 quae
1959 2802 2034 2866 in
2087 2802 2493 2868 Baehrentis
2560 2802 2862 2867 editione

508 2907 837 2994 leguntur
883 2906 1041 2971 ‘Cur
1085 2914 1204 2972 tua
1246 2913 1319 2972 te
1361 2907 1583 2972 Herc.’

692 3021 748 3080 6.
807 3013 913 3078 De
971 3012 1149 3079 ‘sive’
1204 3015 1542 3102 particula
1587 3015 1897 3101 Draeger
1949 3016 2175 3103 paulo,
2212 3015 2593 3081 accuratius
2653 3016 2858 3082 disse-

508 3120 667 3187 ruit.
732 3120 988 3185 Tamen
1019 3128 1099 3186 ut
1130 3143 1276 3185 rem
1304 3121 1557 3187 iterum
1586 3129 1893 3206 tractem,
1925 3123 2133 3188 variis
2166 3145 2592 3189 commoveor
2624 3122 2859 3188 causis,

689 3232 750 3311 a)
797 3228 1080 3293 Praeter
1135 3228 1298 3312 ,sive
1345 3268 1431 3277 —-
1479 3229 1640 3295 sive'
1698 3235 1985 3318 (septem
2037 3230 2230 3313 locis)
2290 3237 2358 3296 et
2405 3234 2542 3297 ‘seu
2589 3271 2676 3281 —
2722 3231 2853 3296 seu’

513 3335 758 3422 (tribus
791 3335 984 3421 locis)
1017 3336 1416 3423 Propertius
1452 3337 1999 3403 consecutionem
2032 3338 2193 3403 ‘sive
2224 3376 2307 3389 —
2337 3338 2473 3403 seu'
2514 3338 2858 3403 adhibuit:

509 3443 548 3509 Ι
595 3450 660 3527 8,
710 3449 820 3525 443
872 3446 973 3525 14,
1033 3449 1091 3509 9.
1181 3443 1250 3507 ΙΙ
1306 3450 1406 3527 22,
1459 3451 1515 3509 5.
1607 3444 1716 3507 ΙΠ
1776 3449 1895 3528 11,
1947 3452 2054 3525 72;
2114 3452 2216 3529 21,
2277 3452 2378 3511 30.
2469 3446 2570 3511 IV
2629 3453 2694 3529 3,
2756 3452 2855 3512 59.

511 3549 649 3615 Sed
697 3571 792 3632 eo,
842 3548 1028 3633 quod
1057 3571 1256 3614 usum
1288 3552 1424 3614 ‘seu
1455 3589 1541 3598 —
1576 3550 1737 3617 sive'
1769 3558 2044 3616 tantum
2073 3550 2179 3615 bis
2212 3573 2499 3636 eumque
2539 3574 2629 3616 ne
2660 3550 2861 3616 aliter

513 3655 808 3743 quidem,
856 3678 1061 3740 quam
1090 3663 1245 3742 post
1272 3657 1803 3744 praecedentem
1833 3657 2148 3723 voculam
2180 3658 2331 3722 ‘seu’
2365 3658 2463 3742 (Π
2498 3664 2554 3741 1,
2591 3665 2699 3741 15;
2750 3661 2857 3740 53)

512 3768 782 3827 secutus
829 3768 948 3846 est,
995 3761 1081 3827 ab
1129 3762 1278 3827 aliis
1325 3763 1582 3849 elegiae
1627 3763 1847 3852 poetis
1894 3764 2245 3849 aliquanto
2291 3763 2537 3829 differt.

689 3868 762 3955 b)
812 3869 1222 3935 Coniunctio
1257 3870 1434 3936 ‘sive’
1477 3871 2017 3937 condicionalem
2060 3871 2472 3938 sententiam
2504 3872 2859 3938 continuat

511 3975 585 4041 II
617 3982 720 4063 22,
771 3982 806 4039 8
843 3981 912 4041 et
941 3976 1038 4041 IV
1088 3984 1146 4055 5,
1196 3981 1296 4041 21.
1360 3977 1576 4042 Paulo
1609 3975 1958 4044 difficilior
2001 3979 2360 4044 intellectu
2391 3986 2494 4044 est
2524 3981 2859 4067 particula

514 4083 686 4167 ‘seu’,
733 4104 886 4147 cum
933 4082 1094 4168 quia
1138 4083 1413 4169 longius
1445 4083 1639 4149 abest
1669 4108 1710 4149 a
1738 4086 1984 4151 vocula
2030 4086 2121 4151 ‘si’
2152 4094 2303 4152 tum
2335 4085 2520 4172 quod
2549 4094 2755 4175 poeta
2784 4088 2857 4152 in

514 4189 868 4255 enuntiato
917 4214 956 4255 a
985 4212 1154 4256 voce
1187 4191 1338 4255 ‘seu'
1373 4198 1613 4279 coepto
1646 4192 1733 4257 ad
1780 4193 1982 4258 aliam
2011 4194 2342 4281 poematis
2373 4203 2639 4283 partem
2677 4201 2860 4260 tran-

513 4296 646 4366 siit.
737 4297 996 4361 Tamen
1043 4320 1524 4383 cognoscemus
1572 4299 2079 4387 responsionem
2123 4302 2486 4386 utriusque
2535 4302 2858 4367 coniunc-

511 4403 744 4488 tionis,
799 4404 858 4467 si
911 4428 1058 4469 rem
1112 4406 1494 4471 accuratius
1561 4407 2229 4475 consideraverimus
2330 4409 2641 4495 Namque
2696 4411 2860 4474 Pro-
