3092 5117
1441 380 1884 441 —28-

665 554 827 621 Her.
873 554 1014 619 XV
1064 562 1122 619 9.
1213 553 1414 619 Trist.
1461 552 1571 617 111
1622 560 1721 637 13,
1770 560 1880 635 253
1934 559 2033 635 14,
2082 561 2185 617 24.
2259 552 2361 617 IV
2412 558 2513 635 10,
2560 556 2662 616 85.
2725 550 2853 615 Ex

488 662 713 727 Ponto
778 661 852 725 H
917 669 974 745 2,
1033 668 1135 726 97.
1227 660 1388 725 Met.
1445 660 1548 725 VI
1596 668 1741 725 452.
1832 659 2011 724 XIV
2060 665 2204 724 729.
2306 658 2513 723 Certa
2555 656 2850 744 negatio

489 768 925 854 cognoscitur
969 767 1132 833 Met.
1178 767 1254 831 X
1303 774 1428 831 328
1479 766 1583 832 ‘Si
1626 774 1860 831 tamen
1907 766 2039 842 hoc
2086 765 2301 831 scelus
2352 772 2469 830 est.
2502 764 2623 829 sed
2652 764 2854 829 enim

491 874 812 941 damnare
857 881 1146 961 negaret
1189 874 1390 960 Hanc
1435 874 1776 939 Venerem
1820 873 2093 938 Pietas'.

668 981 1034 1047 Sententia
1077 980 1371 1045 inclinat
1416 978 1504 1045 ad
1550 979 2102 1045 affirmationem:
2166 979 2328 1045 Met.
2374 978 2514 1044 VII
2562 984 2592 1043 1
2606 984 2685 1043 67
2736 975 2855 1043 ‘Si

488 1095 721 1154 tamen
738 1087 868 1152 hoc
886 1094 1172 1179 possunt
1190 1126 1276 1137 --
1297 1086 1466 1172 quid
1485 1087 1672 1151 enim
1690 1108 1835 1151 non
1854 1086 2157 1151 carmina
2174 1084 2500 1172 pon-unt?
2517 1122 2605 1133 —-—
2622 1085 2853 1149 Deme

487 1194 656 1259 meis
711 1194 951 1260 annis’.
1043 1193 1195 1259 Am.
1242 1192 1316 1257 Π
1365 1200 1474 1277 13,
1525 1201 1627 1259 27.
1718 1193 1881 1259 Met.
1927 1192 2029 1258 IV
2078 1196 2202 1257 537
2253 1192 2507 1277 ‘aliqua
2552 1198 2622 1255 et
2666 1188 2853 1255 mihi

488 1302 714 1387 gratia
775 1309 989 1387 ponto
1055 1307 1175 1384 est,
1240 1300 1316 1366 Si
1376 1307 1611 1365 tamen
1664 1300 1742 1364 in
1800 1300 1913 1366 dio
1961 1299 2307 1385 quondam
2353 1348 2367 1361 .
2400 1349 2413 1361 .
2448 1348 2461 1361 .
2508 1295 2851 1385 profundi

490 1390 743 1495 Spuma
787 1405 936 1471 fui’.
1028 1408 1226 1493 Prop.
1275 1407 1347 1470 H
1396 1414 1497 1491 30,
1546 1414 1627 1472 35
2434 1434 2439 1441 ·

527 1548 534 1555 ·
718 1514 882 1578 ‘Hic
928 1534 1198 1599 quoque
1243 1536 1387 1579 non
1432 1514 1655 1579 nescit
1702 1512 1871 1598 quid
1916 1512 2007 1577 sit
2052 1532 2277 1578 amare
2325 1511 2585 1595 chorus,

711 1621 788 1686 Si
832 1627 1064 1685 tamen
1110 1620 1359 1707 Oeagri
1404 1620 1739 1705 quaedam
1784 1640 2165 1706 compressa
2208 1618 2433 1704 figura

710 1727 1040 1793 Bistoniis
1088 1727 1250 1792 olim
1293 1725 1579 1814 rupibus
1626 1725 1989 1790 accubuit'.
2080 1724 2182 1790 IV
2232 1730 2268 1789 3
2322 1732 2359 1789 3

715 1832 818 1899 ‘Si
865 1854 1000 1918 qua
1042 1840 1276 1898 tamen
1320 1832 1452 1897 tibi
1497 1833 1759 1897 lecturo
1806 1854 1963 1918 pars
2010 1830 2225 1895 oblita
2270 1831 2466 1915 derit,

709 1940 901 2004 Haec
933 1939 1065 2004 erit
1096 1960 1133 2003 e
1163 1939 1458 2003 lacrimis
1489 1937 1676 2004 facta
1694 1938 1905 2004 litura
1920 1937 2133 2003 meis'.
2182 1935 2321 2002 Cfr.
2343 1938 2463 2005 Ov.
2483 1938 2647 2003 Her.
2665 1936 2780 2002 XI
2803 1942 2841 2002 1

713 2046 952 2131 ‘Siqua
995 2053 1230 2110 tamen
1277 2046 1490 2110 caecis
1537 2044 1869 2110 errabunt
1914 2044 2169 2131 scripta
2214 2045 2457 2129 lituriS,

711 2153 983 2218 Oblitus
1030 2176 1070 2217 a
1117 2152 1430 2217 dominae
1478 2152 1683 2217 caede
1728 2151 1999 2217 libellus
2048 2152 2223 2217 erit’.

668 2269 726 2325 4.
773 2260 860 2324 111
904 2258 1197 2324 formula
1243 2258 1554 2337 ‘Quodsi’
1604 2258 2101 2346 oppositionem
2125 2250 2128 2255 ’
2148 2257 2499 2323 interdum
2528 2265 2851 2324 constare

489 2366 610 2432 vix
661 2365 793 2449 est,
859 2365 1042 2450 quod
1096 2388 1408 2431 moneam
1454 2364 1600 2450 (cfr.
1647 2366 1733 2429 Π·
1772 2374 1825 2448 7,
1877 2372 1984 2447 15,
2052 2372 2154 2449 26,
2205 2372 2306 2429 57.
2396 2365 2505 2429 ΙΠ
2555 2372 2654 2449 16,
2704 2369 2847 2448 21);

489 2473 610 2539 sed
655 2495 874 2561 pauca
917 2479 1082 2537 sunt
1126 2472 1298 2536 mihi
1345 2472 1635 2537 dicenda
1681 2472 1767 2536 de
1813 2471 2223 2537 concessivis
2268 2472 2640 2558 particulis.
2734 2472 2849 2537 Eo

489 2580 677 2667 quod
725 2579 1012 2646 Ovidius
1061 2580 1272 2644 ‘licet’
1321 2602 1476 2644 cum
1521 2579 1863 2645 adiectivo
1912 2580 2260 2666 copulavit
2306 2579 2491 2663 (Met.
2538 2580 2679 2645 XV
2710 2584 2847 2665 62),

489 2686 576 2752 aad
623 2686 1057 2773 Propertium
1103 2686 1402 2751 accessit.
1495 2686 1593 2770 (Π
1640 2693 1742 2769 34,
1795 2693 1894 2751 72.
1986 2686 2089 2753 IV
2138 2691 2239 2770 11,
2290 2689 2417 2769 17.)
2480 2686 2580 2752 Ut
2610 2693 2848 2751 autem

487 2793 816 2877 Tibullus,
860 2793 962 2858 ita
991 2793 1389 2881 Propertius
1420 2793 1728 2859 consulto
1761 2793 2196 2879 cogitateque
2226 2794 2539 2859 voculam
2582 2797 2847 2879 ‘quam-

489 2900 717 2987 quam’
783 2900 1056 2984 vitavit,
1119 2923 1254 2985 qua
1316 2900 1623 2965 Catullus
1680 2904 1819 2984 (67,
1880 2906 1987 2981 10;
2056 2908 2157 2983 66,
2206 2903 2361 2983 69.),
2428 2900 2848 2987 Panegyrici

487 3008 841 3075 Messallae
887 3008 1176 3095 scriptor
1222 3011 1342 3091 (vs.
1395 3014 1426 3072 1
1479 3014 1551 3071 et
1600 3010 1708 3089 28)
1754 3005 2181 3091 Ovidiusque
2226 3006 2453 3091 (Trist.
2501 3008 2610 3071 ΙΠ
2642 3015 2700 3091 9,
2738 3014 2841 3073 15.

489 3126 550 3200 4,
619 3123 682 3199 7,
747 3115 1137 3203 saepissime
1200 3115 1276 3179 in
1339 3114 1503 3179 Met.
1558 3113 1779 3197 libris)
1834 3115 1942 3179 usi
1988 3122 2167 3179 sunt.
2259 3114 2479 3201 Locos
2524 3114 2847 3181 voculam

490 3221 854 3308 ‘quamvis’
922 3242 1076 3284 cum
1136 3220 1514 3288 indicativo
1582 3221 2023 3286 coniunctam
2088 3221 2487 3287 exhibentes
2530 3220 2845 3306 Draeger

493 3328 592 3412 (II
661 3331 814 3411 769)
879 3326 1015 3391 iam
1081 3328 1531 3411 enumeravit,
1597 3327 1717 3392 sed
1783 3328 1927 3392 eius
1994 3327 2244 3414 opime,
2305 3328 2501 3393 illum
2563 3326 2847 3393 modum

487 3441 768 3523 propter
830 3440 1126 3500 metrum
1187 3456 1330 3499 6666
1396 3434 1837 3500 coniunctivo
1893 3434 2291 3521 praelatum7
2346 3456 2665 3521 perversa
2719 3440 2842 3498 est.

487 3542 666 3607 Nam
717 3540 1174 3606 indicativum
1225 3548 1446 3605 metro
1503 3562 1644 3605 non
1710 3548 1999 3628 cogente
2055 3540 2357 3627 pesitum
2400 3562 2543 3605 esse
2590 3540 2845 3607 docent

487 3647 654 3713 haec
698 3646 1117 3713 testimonia:
1165 3647 1363 3735 Prop.
1410 3647 1446 3711 Ι
1497 3653 1597 3730 16,
1649 3654 1746 3712 14.
1822 3647 1896 3712 Π
1943 3654 2000 3731 8,
2036 3654 2135 3711 27.
2213 3647 2334 3713 Ov.
2366 3646 2518 3711 Am.
2549 3647 2617 3711 l]-
2645 3654 2701 3730 5,
2736 3653 2842 3711 60.

486 3752 596 3819 ΠΙ
645 3764 702 3839 4,
752 3761 852 3819 23.
944 3753 1108 3818 Met.
1153 3753 1256 3819 IV
1305 3760 1450 3818 256.
1543 3752 1655 3817 IX
1703 3756 1849 3818 471.
1940 3753 2051 3817 Ex
2096 3754 2320 3818 Ponto
2366 3753 2405 3817 I
2452 3760 2507 3836 6,
2556 3761 2657 3818 45.

665 3860 773 3924 De
792 3859 1124 3926 vocabulo
1148 3859 1382 3945 ‘quod’
1403 3859 1494 3924 ad
1509 3859 1967 3925 concessivam
1984 3860 2129 3925 vim
2146 3858 2502 3924 accedenti
2518 3859 2629 3925 vd.
2646 3882 2711 3947 p.
2736 3864 2771 3923 1
2781 3864 2839 3923 8..

489 4055 554 4125 f.
637 4056 727 4125 De
772 4055 1325 4126 coniunctionibus
1371 4056 1837 4142 comparativis
1882 4054 2183 4125 finalibus
2229 4054 2839 4141 temporalibusque.

671 4184 726 4244 1.
806 4179 1005 4257 Quod
1066 4178 1384 4244 Handius
1450 4180 1548 4266 (Π
1610 4202 1673 4267 p.
1742 4180 1853 4266 45)
1916 4179 2055 4243 11161
2115 4179 2387 4245 Horatii
2434 4186 2503 4243 et
2548 4178 2840 4265 Vergilii

489 4286 798 4374 exempla
867 4285 1374 4352 coniunctionis
1447 4287 1625 4351 ‘ceu’
1700 4308 1847 4351 non
1910 4286 2163 4371 attulit,
2230 4308 2378 4351 eam
2436 4284 2524 4350 ab
2586 4284 2839 4351 Ovidio

486 4398 883 4482 usurpatam
938 4414 1080 4457 esse
1123 4391 1430 4479 Draeger
1475 4392 1575 4476 (Π
1622 4394 1780 4479 640)
1827 4393 2129 4479 negavit.
2218 4391 2320 4457 At
2363 4414 2507 4458 non
2551 4392 2629 4457 in
2672 4392 2837 4458 Met.
