3092 5117
1165 1030 1595 1127 Vita.

309 1538 312 1543 Ι
385 1457 818 1543 Arnsbergae
863 1465 1065 1523 natus
1112 1480 1261 1522 sum
1305 1455 1599 1522 Adolfus
1646 1456 1972 1544 Spandau
2015 1479 2070 1523 a.
2103 1457 2164 1521 d.
2196 1456 2373 1522 XIV
2411 1456 2549 1522 caL

195 1564 250 1628 J
249 1564 346 1629 ul.
386 1565 552 1629 anni
596 1564 733 1629 LX
762 1564 825 1628 h.
859 1587 925 1648 s.,
971 1570 1166 1652 patre
1196 1563 1515 1647 Henrico,
1562 1571 1780 1628 matre
1810 1562 2037 1647 Luisa,
2086 1585 2288 1648 quam
2319 1587 2552 1651 super·

195 1671 438 1736 stitem
485 1694 626 1736 esse
669 1670 960 1735 maxime
1005 1670 1286 1756 gaudeo.
1359 1669 1565 1735 Fidei
1609 1669 1924 1735 addictus
1964 1692 2111 1735 sum
2163 1670 2553 1737 catholicae.

195 1777 628 1843 Maturitatis
685 1776 1153 1842 testimonium
1215 1777 1292 1841 in
1355 1776 1621 1864 patriae
1675 1777 2061 1863 gymnasiO,
2127 1776 2310 1862 quod
2364 1799 2552 1842 nunc

197 1884 411 1963 etiam
458 1884 657 1950 floret
703 1884 1040 1949 directore
1080 1883 1408 1949 Scherero
1451 1884 1627 1949 bene
1676 1884 1761 1949 de
1806 1905 1914 1948 me
1959 1884 2219 1967 merit0,
2265 1882 2551 1971 adeptus

195 1989 714 2074 Monasterium,
760 1998 841 2055 ut
885 2013 993 2055 me
1042 1990 1272 2055 darem
1317 1990 1752 2078 philologieis
1798 1999 1871 2055 et
1915 1990 2256 2055 historicis
2288 1990 2552 2074 studiis,

194 2118 310 2161 me
358 2097 637 2162 contuli.
704 2098 1073 2182 Postquam
1119 2098 1194 2162 in
1239 2097 1358 2161 illa
1388 2092 1731 2162 academia
1776 2120 1991 2162 unum
2026 2119 2283 2162 annum
2315 2095 2554 2162 audivi

197 2203 389 2268 viros
439 2202 888 2269 doctissimos:
953 2203 1221 2289 Lange,
1278 2202 1501 2287 Stahl,
1556 2203 1900 2287 Lindner,
1957 2203 2227 2286 Storck,
2282 2202 2553 2291 perrexi

196 2309 594 2374 incumbere
623 2310 700 2373 in
726 2310 991 2376 litteras
1019 2310 1094 2374 in
1120 2309 1576 2376 universitate
1606 2310 2057 2394 Berolinensi,
2103 2308 2225 2373 ubi
2252 2331 2374 2396 per
2416 2308 2554 2373 tria

197 2416 552 2481 semestria
597 2425 668 2482 et
695 2415 956 2482 scholas
987 2415 1429 2502 frequentavi
1457 2417 2068 2483 illustrissimorum
2097 2416 2341 2481 horum
2371 2414 2552 2481 viro-

198 2545 380 2587 rum:
452 2522 810 2607 Huebner,
873 2522 1264 2607 Kirchhoff,
1319 2523 1617 2608 Vahlen,
1680 2522 2081 2606 Mommsen,
2137 2521 2552 2605 Treitschke,
2634 2612 2637 2617 Ι

199 2630 518 2707 Scherer‚
583 2630 829 2714 Zeller,
896 2637 965 2695 et
1025 2629 1102 2694 in
1154 2630 1510 2695 Huebneri
1574 2638 1780 2715 atque
1837 2629 2130 2695 Vahleni
2194 2628 2553 2694 societates

198 2736 586 2823 philologas
631 2743 945 2823 receptus
991 2758 1156 2801 sum.
1221 2736 1392 2802 Inde
1437 2736 1908 2803 universitatis
1954 2735 2332 2824 Lipsiensis
2380 2734 2551 2801 civis
2666 2816 2670 2821 Ι

198 2842 427 2909 factus
483 2842 720 2908 audivi
772 2866 894 2930 per
949 2851 1210 2931 septem
1262 2844 1613 2909 semestria
1671 2844 1793 2909 hos
1852 2840 2276 2909 doctissimos
2339 2843 2550 2909 viros:

201 2950 501 3033 CurtiuS,
521 2948 779 3034 Lange,
807 2949 1098 3037 Lipsius,
1116 2948 1446 3034 Ribbeck,
1465 2950 1934 3035 Wachsmuth,
1963 2948 2551 3032 Maurenbrecher,

200 3058 437 3143 Voigt,
464 3054 746 3139 Wenck,
778 3054 1229 3139 Hildebrand,
1262 3055 1582 3139 Zarncke,
1614 3055 1897 3140 Heinze,
1927 3056 2213 3141 Wundt,
2242 3054 2549 3120 Richter.

201 3161 833 3228 Exercitationibus
887 3162 1252 3249 philologis
1313 3170 1519 3248 atque
1576 3162 1977 3248 antiquariis
2034 3172 2114 3227 ut
2166 3186 2289 3252 per
2350 3162 2550 3248 quin-

203 3293 338 3354 que
395 3268 742 3335 semestria
795 3268 1218 3352 interessem,
1270 3267 1646 3334 liberaliter
1704 3290 2095 3334 concessere
2147 3268 2423 3357 Lipsius
2481 3276 2551 3333 et

201 3375 624 3441 Ribbeckius
671 3383 878 3460 atque
907 3374 1344 3461 benignitate
1372 3374 1973 3441 Maurenbrecheri
2002 3374 2262 3441 factum
2303 3382 2423 3459 est,
2469 3384 2551 3440 ut

205 3483 342 3547 duo
388 3481 738 3547 semestria
783 3480 1127 3545 seminarii
1169 3480 1480 3547 historici
1526 3480 1774 3547 sodalis
1823 3504 2050 3546 essem.
2255 3476 2257 3483 ’

387 3587 649 3672 Quibus
693 3586 862 3653 viris
909 3588 1163 3674 optime
1210 3586 1296 3653 de
1339 3610 1447 3653 me
1493 3587 1755 3653 meritis
1804 3610 1960 3653 cum
2004 3588 2344 3672 omnibus,
2398 3595 2548 3652 tum

204 3694 586 3775 Ribbeckio
633 3702 703 3759 et
748 3694 984 3781 Lipsio
1031 3694 1287 3780 gratias
1333 3716 1464 3781 ago
1512 3716 1714 3779 quam
1758 3695 2103 3765 maximas.
