3092 5117
1447 366 1889 425 „26-

440 562 447 569 ·
489 534 891 603 adverbium
938 536 1014 601 ‘J
1013 538 1149 602 am’
1196 538 1274 603 in
1317 537 1632 603 voculam
1678 536 1903 601 ‘Nam’
1948 534 2339 617 mutaverit,
2386 532 2645 598 nullam
2686 553 2850 597 cau-

488 640 633 709 sam
677 644 1028 731 perspicio.
1119 643 1355 730 Atque
1401 644 1608 710 etiam
1663 642 1901 708 addita
1953 642 2296 708 sententia
2341 640 2543 706 ‘Nam
2589 692 2602 705 .
2637 691 2650 704 .
2698 662 2851 704 am·-

487 750 696 837 plexu
757 756 997 816 votum
1061 750 1413 839 persolvit'
1481 756 1656 815 esset
1719 749 1960 833 otiosa,
2026 748 2346 833 quoniam
2390 748 2587 835 Prop.
2654 746 2850 812 idem

490 854 896 943 explicaret,
958 857 1145 941 quod
1206 858 1342 922 iam
1405 863 1609 921 antea
1662 854 1891 921 verbis
1946 854 2375 942 ‘compressa'
2442 862 2513 919 et
2577 853 2849 919 ‘latices

422 1030 427 1033 .
489 984 646 1027 cum
706 961 944 1028 ferret'
1011 964 1446 1051 exposuisset.
1556 962 1633 1028 Si
1696 969 1927 1027 autem
1988 961 2391 1027 adverbium
2464 961 2649 1025 ‘iam'
2717 982 2849 1025 suo

486 1066 634 1151 loco
675 1068 929 1153 manet,
978 1070 1395 1135 celeritatem
1439 1068 1691 1155 agendi
1744 1075 1815 1133 et
1859 1067 2166 1133 subitum
2210 1068 2626 1145 miraculum
2645 1067 2849 1132 lucu-

486 1174 676 1252 lente
737 1175 1116 1261 significari
1177 1174 1504 1242 videmus
1600 1175 1797 1253 Quod
1854 1182 1925 1240 et
1968 1175 2468 1258 LachmannuS,
2514 1196 2669 1238 cum
2714 1194 2845 1261 pro

489 1280 611 1345 .‘at'
643 1282 956 1347 voculam
989 1283 1110 1347 ‘et’
1143 1283 1486 1365 scriberet,
1519 1302 1669 1347 meo
1700 1282 1955 1346 iudicio
1988 1281 2226 1362 sensit;
2258 1286 2489 1345 tamen
2518 1278 2844 1355 inutilem

485 1385 697 1451 fuisse
741 1388 930 1453 illam
974 1390 1423 1456 mutationem
1470 1396 1540 1453 et
1573 1410 1826 1471 causae,
1859 1411 2031 1473 quae
2062 1410 2268 1476 supra
2298 1392 2476 1476 (pag.
2514 1391 2623 1471 16)
2670 1393 2843 1451 sunt

487 1492 750 1577 allatae,
789 1494 1245 1583 comprobant
1291 1503 1360 1561 et
1402 1495 1591 1561 locus
1639 1495 1834 1561 Ovid.
1880 1494 2043 1560 Met.
2088 1494 2127 1558 I
2172 1500 2301 1559 283

703 1600 883 1687 ‘Ipse
929 1601 1231 1667 tridente
1275 1622 1397 1667 suo
1442 1609 1695 1667 terram
1740 1602 2096 1688 percussit:
2144 1607 2216 1665 at
2261 1600 2380 1665 illa

699 1707 1074 1786 Intremuit
1117 1716 1445 1794 motuque
1490 1709 1639 1774 vias
1684 1707 2014 1795 patefecit
2056 1708 2425 1793 aquarum’.

641 1921 708 1990 Ε.
800 1922 890 1991 De
937 1922 1497 2024 coniunctionibus
1548 1922 2098 1992 condicionalibus
2144 1923 2213 1991 et
2256 1922 2681 1992 concessivis.

668 2068 723 2127 1.
817 2062 1001 2140 Quid
1053 2064 1130 2141 in
1187 2054 1330 2128 c'od.
1385 2064 1595 2151 Neap.
1651 2064 1925 2150 legatur
1979 2064 2243 2128 ratione
2297 2062 2555 2147 habita,
2611 2061 2834 2127 Lach-

483 2188 770 2233 mannus
834 2177 1073 2256 poetae
1135 2168 1347 2236 verba
1401 2193 1723 2257 prospera
1778 2170 2167 2235 coniectura
2220 2176 2563 2234 assecutus
2610 2174 2714 2234 est
2757 2170 2834 2233 in

485 2294 581 2340 vs.
628 2274 739 2339 ΙΠ
787 2281 842 2359 6,
892 2282 972 2340 41

699 2326 928 2459 ‘Qubd
972 2382 1142 2447 mihi
1188 2383 1246 2447 si
1293 2406 1328 2448 e
1375 2389 1574 2448 tanto
1622 2380 1789 2447 felix
1836 2382 2197 2448 concordia
2240 2382 2419 2447 bello

697 2488 1052 2573 Extiterit,
1099 2513 1222 2577 per
1266 2512 1391 2574 me,
1437 2490 1813 2577 Lygdame,
1860 2488 2034 2555 liber
2080 2490 2254 2555 eris'.

661 2594 838 2660 Nam
891 2596 1254 2661 lectionem
1317 2595 1528 2681 ‘quod
1583 2596 1753 2661 mihi
1808 2596 1889 2661 si’
1947 2596 2280 2684 praebent
2335 2596 2617 2680 codices,
2666 2614 2835 2682 quos·

484 2698 832 2766 Baehrens
893 2702 1129 2767 littera
1193 2702 1248 2768 O
1313 2700 1599 2767 notavit.
1708 2700 1967 2767 Tamen
2010 2701 2300 2767 Mueller
2360 2702 2544 2767 illius
2612 2702 2832 2769 critici

485 2808 825 2873 sententia
863 2809 943 2873 'in
990 2808 1275 2873 dubium
1321 2816 1564 2875 vocata
1595 2809 1749 2874 ideo
1780 2810 2053 2897 scripsit
2094 2809 2469 2894 ‘Quodsin',
2504 2808 2666 2895 quia
2694 2820 2831 2875 non'

482 2904 858 3003 appareret,
907 2938 1028 2981 cur
1059 2916 1275 2981 ‘mihi’
1308 2906 1544 3004 potius
1572 2915 1854 2982 dixisset
1884 2917 2296 3004 Propertius,
2328 2940 2532 3003 quam
2565 2915 2829 2982 ‘nobis'.·

481 3020 583 3086 At
645 3021 704 3086 si
766 3030 1033 3109 poetae,
1097 3030 1418 3088 tamenne
1459 3022 1828 3110 ‚Cynthiae
1892 3024 2255 3090 concordia
2316 3022 2829 3089 reconciliatur?

483 3128 642 3193 Huc
704 3128 985 3213 accedit,
1047 3137 1128 3195 ut
1189 3130 1601 3217 Propertius,
1665 3151 1807 3194 non
1869 3132 2120 3217 puella,
2182 3130 2574 3196 libertatem
2635 3152 2826 3195 servo

482 3234 696 3311 fuerit
731 3243 1089 3331 paraturus
1119 3258 1331 3321 eaque
1359 3236 1444 3301 de
1473 3259 1673 3301 causa
1700 3237 2032 3323 singulari
2058 3260 2338 3303 numero
2365 3237 2471 3302 uti
2496 3237 2826 3303 maluerit.

483 3332 804 3427 Denique
860 3343 1153 3415 elocutio
1201 3343 1428 3420 ‘Quod
1472 3344 1645 3408 1111111
1690 3344 1772 3408 si’
1821 3344 1897 3408 in
1946 3344 2243 3410 carmine
2288 3344 2363 3409 H
2409 3350 2491 3409 26
2540 3342 2828 3409 eundem

483 3450 708 3523 locum
755 3448 1042 3515 obtinet.
2036 3470 2041 3475 ’

663 3566 719 3621 2.
795 3556 1051 3622 L'exica
1098 3557 1346 3624 docent
1390 3558 1825 3645 Propertium
1870 3556 2291 3624 formulam‘
2303 3558 2361 3623 si
2400 3556 2626 3623 modo'
2676 3580 2825 3623 cum

482 3663 922 3777 coniunctivo
972 3665 1317 3752 copulasse
1363 3665 1398 3728 Ι
1449 3670 1479 3729 1
1492 3672 1548 3748 8,
1600 3673 1636 3729 4

695 3770 856 3835 ‘Hic
902 3768 1067 3836 licet
1115 3768 1413 3836 occultos
1460 3769 1767 3857 proferre
1812 3771 2091 3858 impune
2138 3771 2417 3855 doloreS,

694 3877 771 3943 Si
815 3877 1017 3942 modo
1065 3877 1206 3942 sola
1251 3885 1506 3962 queant
1552 3900 1712 3943 saxa
1756 3884 1991 3944 tenere
2034 3876 2282 3943 fidem'.

658 3983 870 4057 Cuius
899 3984 1001 4073 101
1032 3985 1193 4069 quia
1221 4007 1444 4069 neque
1473 3984 1783 4072 Draeger
1812 4005 2031 4070 neque
2049 3984 2383 4051 Kuehner
2409 3984 2826 4051 mentionem

478 4089 812 4175 fecerunt,
857 4090 1145 4173 aliorum
1185 4095 1544 4179 'poetarum
1592 4092 1898 4180 exempla
1926 4106 2021 4157 'eo
2069 4092 2286 4179 magis
2318 4091 2611 4186 afferam,
2643 4090 2825 4177 quod

481 4197 711 4263 eadem
729 4198 973 4271 Bachii
986 4198 1036 4282 ¹)
1060 4199 1496 4295 sententiam,
1527 4198 1647 4263 1110
1676 4222 1804 4265 usu
1827 4205 2136 4287 optatum
2162 4197 2470 4282 indicari,
2502 4184 2822 4264 refutant.

659 4395 700 4463 1)
738 4392 846 4449 cfr.
885 4394 1056 4459 sach,
1096 4392 1257 4448 cvid.
1295 4394 1522 4450 notam.
1561 4378 1795 4448 111452.
