3092 5117
1201 377 1643 435 -47—

428 544 646 623 Quem
705 544 980 625 dicendi
1036 568 1234 611 usum
1289 547 1456 613 alios
1511 550 1874 636 scriptores
1930 557 2193 616 secutos
2249 572 2391 614 esse
2437 572 2599 615 con-

233 652 456 717 tendo
501 652 688 717 nisus
734 651 839 717 his
885 652 1310 718 testimoniis,
1402 655 1608 741 Verg.
1655 656 1801 719 Ecl.
1847 656 1975 721 VII
2023 663 2105 720 66

471 760 798 846 ‘Populus
843 760 918 823 in
961 759 1210 844 fluviiS,
1257 759 1442 826 abies
1488 762 1564 827 in
1609 762 1956 827 montibus
2004 763 2203 827 altis’.

423 866 596 931 Stat.
645 865 810 931 Sssv.
857 866 888 931 I
936 874 993 949 2,
1043 873 1124 931 68
1176 867 1360 932 ‘Vidi
1404 892 1531 954 ego
1581 920 1594 932 .
1628 921 1641 934 .
1690 869 2049 935 decurrere
2096 891 2333 958 campo

467 972 982 1060 Hippomenem,
1029 996 1155 1037 nec
1203 974 1298 1039 sic
1344 982 1525 1041 meta
1571 975 1873 1062 pallebat
1915 976 1991 1040 in
2034 976 2227 1063 ipsa’.

420 1079 740 1163 Denique
769 1080 963 1144 Flori
1007 1078 1070 1145 II
1105 1087 1204 1163 24,
1240 1088 1277 1145 3
1327 1083 1712 1169 exemplum
1742 1083 2013 1171 repperi
2060 1084 2265 1148 ‘caesi
2310 1091 2473 1149 sunt
2516 1084 2595 1148 in

234 1184 551 1269 utrisque
595 1184 1032 1250 fluminibus'.
1109 1186 1298 1272 Ergo
1345 1188 1516 1251 mihi
1565 1188 1989 1276 exploratum
2038 1195 2157 1272 est,
2206 1189 2594 1273 Horatium,

235 1292 448 1377 Verg.
496 1291 667 1356 Stat.
716 1291 945 1375 semel,
1002 1293 1462 1379 Propertium,
1521 1295 1579 1359 si
1625 1315 1763 1360 non
1810 1302 2077 1379 quater,
2135 1302 2208 1360 at
2255 1302 2439 1360 certe
2483 1295 2593 1360 bis

239 1402 282 1481 (ι
299 1398 376 1462 in
429 1398 607 1462 lacu’
667 1405 871 1483 atque
930 1399 1027 1462 ‘in
1082 1398 1454 1486 Apidano’)
1511 1402 1999 1489 praepositioni
2053 1402 2592 1489 propinquitatis

237 1503 736 1590 significandae
781 1512 1191 1591 potestatem
1239 1505 1517 1572 dedisse.

421 1614 483 1694 c)
541 1610 730 1687 Quae
786 1611 938 1696 quis
984 1614 1196 1676 sentit
1240 1612 1384 1678 sive
1431 1613 1606 1700 agit,
1662 1613 2128 1679 intercedente
2176 1614 2298 1678 ‘in’
2346 1614 2595 1679 vocula

237 1717 329 1782 ad
375 1718 660 1783 alteram
706 1739 1059 1804 personam
1105 1719 1218 1783 vel
1263 1741 1406 1783 rem
1453 1718 1698 1785 referri
1740 1720 2077 1786 videmus:
2133 1722 2242 1785 Pr.
2275 1720 2370 1785 111
2412 1726 2470 1803 8,
2506 1728 2590 1785 34

238 1824 344 1888 ‘in
390 1831 461 1889 te
505 1847 641 1910 pax
685 1824 856 1889 mihi
900 1826 1102 1890 nulla‘
1132 1826 1398 1912 placet’.
1491 1828 1600 1891 Pr.
1649 1828 1710 1892 ΙΙ
1759 1834 1860 1911 20,
1913 1834 1988 1893 11
2397 1840 2401 1845 ’

464 1931 570 1996 ‘In
617 1939 689 1995 te
735 1954 862 2017 ego
911 1939 980 1996 et
1027 1939 1296 1997 auratas
1342 1956 1655 2020 rumpam
1702 1986 1715 1997 .
1765 1986 1778 1998 .
1828 1934 2142 2000 catenas’.
2235 1933 2266 1998 I
2317 1940 2373 2016 1,
2424 1940 2506 1997 33

466 2035 571 2100 ‘In
615 2060 724 2103 me
771 2089 783 2101 .
832 2089 844 2101 .
893 2038 1126 2103 Venus
1171 2047 1406 2105 noctes
1454 2048 1725 2105 exercet
1770 2041 2072 2105 amaras’.
2164 2040 2259 2106 ΠΙ
2309 2047 2409 2123 22,
2460 2046 2539 2104 35

464 2144 762 2209 ‘Cornua
809 2197 821 2208 .
856 2196 868 2207 .
918 2168 1202 2210 curvare
1248 2146 1322 2209 in
1367 2146 1627 2234 pelice’.

417 2251 568 2328 Qua
611 2252 878 2317 ratione
923 2252 1261 2340 particula
1302 2252 1423 2317 ‘in'
1469 2254 1832 2341 praecipue
1879 2253 2220 2319 adiectiva
2251 2252 2588 2339 sequitur:

236 2359 345 2423 Pr.
391 2357 488 2423 111
548 2364 654 2441 19,
705 2364 787 2423 28
855 2363 1134 2443 ‘aequus
1198 2360 1276 2424 in
1337 2360 1577 2426 hoste’.
1680 2362 1801 2427 Ov.
1858 2361 1966 2425 Tr.
2013 2361 2079 2426 V
2130 2369 2192 2443 2,
2244 2367 2326 2425 36
2392 2360 2590 2425 ‘lenis

235 2464 310 2527 in
354 2464 437 2528 h?
529 2462 680 2528 Am.
727 2465 758 2529 I
808 2474 862 2548 7,
914 2473 993 2530 34
1045 2471 1310 2531 ‘saevus
1355 2466 1431 2530 in
1473 2466 1556 2530 h.’
1649 2468 1853 2553 Verg.
1900 2466 2069 2532 Aen.
2117 2466 2179 2532 II
2230 2472 2352 2531 541
2405 2466 2592 2531 ‘talis

236 2571 309 2633 in
364 2568 446 2633 h.’
524 2572 661 2654 '’Ov.
708 2573 870 2637 Met.
918 2573 1015 2637 IV
1067 2582 1190 2637 547
1261 2574 1360 2636 ‘in
1425 2573 1685 2661 paelice
1750 2574 2032 2639 saevus'.
2133 2573 2310 2659 Lyg.
2358 2573 2454 2637 VI
2507 2580 2584 2637 19

238 2682 503 2742 ‘torvus
533 2678 747 2743 Liber
791 2679 865 2743 in
909 2679 1089 2743 illis’.
1156 2681 1354 2767 Prop.
1388 2680 1482 2745 III
1519 2686 1619 2764 17,
1656 2687 1737 2745 23
1782 2681 2283 2764 ‘Vesanumque
2314 2702 2493 2746 nova
2525 2731 2537 2743 .
2572 2731 2587 2742 .

235 2784 309 2847 in
355 2784 502 2849 vite
547 2785 991 2871 Lycurgum'.

414 2891 633 2955 Maior
679 2900 905 2956 autem
952 2892 1056 2958 vis
1102 2893 1177 2957 in
1207 2893 1709 2980 praepositione
1753 2894 1973 2958 inesse
2009 2892 2316 2980 putanda
2363 2900 2483 2976 est,
2530 2893 2589 2957 si

236 2996 320 3060 ab
368 2996 642 3062 homine
672 2998 785 3064 vel
829 3022 902 3063 re
949 2998 1404 3086 proficiscitur
1449 2999 1746 3082 effectus,
1794 3000 1913 3085 qui
1958 3000 2238 3065 alterius
2284 2999 2589 3064 animum

237 3111 649 3189 permoveat.
749 3105 907 3169 Huc
982 3105 1367 3171 revocanda
1442 3114 1605 3171 sunt
1680 3105 1891 3171 verba
1953 3105 2303 3191 gaudendi
2380 3114 2589 3191 atque

235 3208 526 3273 amandi.
573 3210 682 3274 Pr.
715 3210 777 3275 II
810 3220 868 3293 4,
905 3218 983 3275 18
1020 3210 1362 3277 ‘Gaudeat
1390 3212 1468 3276 in
1497 3212 1753 3298 puero'.
1809 3212 1905 3277 ΠΙ
1943 3220 1995 3295 1,
2018 3220 2102 3278 40
2138 3211 2479 3277 ‘Gaudeat
2510 3213 2585 3276 in

235 3315 439 3379 solito
470 3322 658 3380 tacta
687 3317 912 3403 puella
957 3318 1165 3383 sono'.
1229 3317 1329 3382 IV
1362 3325 1419 3396 8,
1469 3325 1571 3383 63.
1639 3318 1784 3383 Cat.
1823 3325 1923 3400 64,
1961 3323 2084 3383 119
2136 3318 2235 3382 ‘in
2281 3326 2492 3404 gnata
2524 3368 2536 3381 .
2572 3370 2587 3381 .

235 3422 663 3487 laetabatur’.
715 3432 816 3507 22,
842 3430 872 3488 1
887 3431 918 3488 7
956 3424 1146 3488 ‘Tam
1178 3424 1434 3510 gaudet
1463 3426 1541 3488 in
1574 3448 1645 3489 se
1675 3432 1951 3509 tamque
1983 3447 2055 3489 se
2085 3425 2231 3512 ipse
2262 3425 2587 3491 miratur'.

415 3529 644 3594 Verba
698 3530 972 3595 amandi
1015 3531 1332 3595 Handius
1379 3530 1498 3615 (ΙΠ
1548 3535 1703 3615 268)
1759 3532 1935 3596 male
1991 3532 2326 3597 iudicavit
2371 3533 2586 3619 parti-

237 3634 460 3699 culam
507 3635 632 3698 ‘in’
689 3636 944 3702 idcirco
1008 3636 1140 3701 sibi
1205 3638 1583 3720 adsumere,
1650 3636 1833 3722 quod
1896 3638 1971 3701 in
2035 3644 2262 3703 amata
2326 3645 2589 3703 amator

237 3741 432 3825 quasi
475 3740 818 3807 habitaret
848 3742 921 3806 in
953 3766 1165 3827 eaque
1213 3743 1438 3807 omnia
1483 3750 1738 3829 ageret.
1817 3743 2036 3820 Quam
2077 3744 2586 3831 interpretatio-

236 3870 396 3911 nem
424 3847 482 3912 si
519 3870 966 3932 sequeremur,
1015 3872 1149 3934 quo
1181 3849 1380 3915 modo
1410 3850 1789 3915 ablativum
1833 3852 2051 3915 solum
2081 3850 2326 3916 iisdem
2355 3850 2586 3917 verbis

225 3954 622 4019 iniunctum
652 3956 987 4042 explicare
1016 3957 1255 4023 liceret
1273 3957 1304 4020 Ρ
1357 3957 1552 4022 Nihil
1580 3958 1866 4023 interest
1893 3958 2066 4023 illud
2100 3959 2219 4025 Ov.
2252 3959 2412 4023 Her.
2446 3958 2582 4024 114

461 4061 566 4125 ‘In
612 4069 682 4127 te
726 4061 1068 4148 fingebam
1113 4063 1450 4129 violentos
1499 4064 1707 4128 Troas
1755 4065 1986 4129 iturea

459 4168 749 4233 Nomine
795 4169 870 4233 in
915 4170 1256 4235 Hectoreo
1303 4170 1559 4258 pallida
1604 4193 1867 4258 semper
1912 4172 2136 4237 eram'.

237 4273 320 4338 ab
370 4275 748 4339 elocutione
794 4298 889 4340 vs.
936 4274 1087 4340 Art.
1135 4299 1258 4340 am.
1306 4277 1336 4342 I
1386 4283 1511 4342 732

461 4381 790 4446 ‘Pallidus
837 4382 912 4446 in
957 4383 1144 4447 lenta
1191 4383 1395 4448 naide
1440 4383 1753 4469 Daphnis
1802 4384 1990 4448 erat'.
